2975 4784
127 352 259 431 num]
489 344 699 397 annuntius
724 348 797 397 sto.
821 350 874 401 tr.

616 550 724 606 ΝΟΜ

159 683 367 748 mmmm]
389 684 457 735 Natu
468 682 570 734 saevitia
577 684 656 734 'libe-
726 686 762 735 Et
772 684 824 750 ubi,
834 684 954 737 autuude
965 684 1226 753 siissimcltastsssps·

124 758 397 825 riipsenaslsgitimas
406 760 587 824 egrediebatur
606 760 656 809 boc
691 758 766 811 renui
791 760 931 824 Gertejtm
942 762 1048 811 turbare
1059 759 1163 813 fortuna
1171 777 1224 813 osc·

123 836 169 886 ii.
188 850 249 900 esp.
266 840 311 885 ⁴2.
326 836 435 889 *Θεοί
453 835 587 901 obJ‘actsm
605 836 656 885 sibi
692 843 777 902 perat,
787 851 845 887 cusu
856 838 1063 887 Dmsns'l'iberii
1074 837 1152 902 iilius,
1163 838 1227 889 tiolo

123 911 248 963 drerana
263 926 324 963 rcus
338 912 532 963 inclementiam
548 928 581 961 so
598 926 658 976 per·
692 912 782 979 uxoria
792 919 820 963 at
835 912 946 963 adelmi
959 913 1044 976 periit,
1054 913 1225 964 sednoudum

121 989 236 1039 vicacim
246 988 400 1053 amplexus!
435 988 466 1037 is.
486 1001 515 1037 x.
537 988 602 1039 DD.
621 987 654 1038 ad
691 988 852 1052 sarireipse
867 988 1120 1051 'libertuscoepsrau
1153 989 1224 1039 liac-

121 1067 151 1119 is.
162 1068 220 1120 sul.
231 1067 267 1117 tle
278 1068 305 1117 ri
319 1068 392 1132 publ.
408 1066 558 1119 ‘Damnate
576 1068 612 1117 tle
628 1068 654 1117 ri
691 1070 767 1115 tenus
781 1064 887 1129 Sejanus
906 1070 977 1113 matu
995 1064 1077 1115 Drusi
1088 1064 1225 1130 aoircltus,

120 1142 225 1207 publium
252 1157 321 1207 aqua
346 1148 376 1192 ct
400 1143 454 1207 igni
474 1142 655 1193 interdicitur!
690 1146 720 1189 et
730 1146 828 1190 tantum
843 1140 927 1203 abest,
937 1146 967 1189 nt
977 1138 1169 1191 inclementiam
1179 1153 1227 1193 cn·

120 1218 192 1283 Rrgo
220 1219 343 1283 arguitur
376 1219 491 1269 atracias
516 1224 655 1283 tenpm,
690 1212 928 1266 erccret'l'lberlbs
947 1215 996 1264 boc
1013 1215 1071 1278 ipso
1090 1221 1226 1279 temporep

120 1295 188 1360 quoti
198 1310 261 1344 cnm
273 1304 321 1357 pst·
331 1300 408 1357 esset,
423 1300 454 1343 nt
473 1308 542 1358 aqna
557 1304 586 1344 et
600 1294 656 1357 igni
690 1294 752 1358 quin
771 1293 857 1357 potins
868 1292 1010 1343 clementer
1020 1291 1171 1341 subvenerit
1181 1303 1226 1341 nr·

120 1370 219 1421 lemno
228 1369 442 1432 interdiceretur,
448 1369 564 1418 'liberius
572 1368 656 1419 indul·
690 1371 767 1429 bibus
776 1372 900 1422 Asiaticis
911 1376 989 1421 terra
997 1375 1068 1419 motu
1079 1366 1226 1431 tabefactis,

121 1444 484 1510 smaiacleauentimcnmin
495 1443 655 1493 inanlnmtlc·
689 1446 727 1497 ita
745 1454 776 1498 ut
794 1448 894 1499 tributu
918 1447 955 1495 eis
972 1446 1178 1507 remitterentur,
1194 1448 1225 1494 at

119 1521 253 1585 partarit;
283 1518 352 1583 quod
370 1520 460 1584 utique
477 1518 581 1583 grsrim
597 1526 655 1571 erat
690 1523 782 1587 opibus
796 1522 958 1587 juvarentur.
992 1519 1138 1583 Eteoipso
1156 1526 1222 1569 tem·

119 1596 314 1647 interdictione.
689 1612 753 1661 pore
772 1596 906 1648 absolutus
929 1594 1061 1647 Carsidius
1085 1593 1224 1661 Sacerdos,

150 1672 303 1723 mutatas
317 1672 387 1721 enim
402 1672 536 1735 nonprius
553 1668 655 1722 amitte·
688 1673 804 1737 periculo
816 1672 939 1723 liberatus
949 1672 980 1720 C.
992 1670 1137 1721 Graecina.

120 1746 165 1797 bat
175 1746 322 1806 civitatem,
333 1760 409 1811 quam
421 1748 492 1797 inter
508 1748 579 1797 cives
597 1746 654 1811 ejus
720 1752 758 1800 Et
784 1749 912 1817 quodnam
934 1750 1017 1813 maius
1042 1752 1223 1813 argumentum

120 1822 211 1887 oppidi
221 1828 397 1885 coaptaretur,
407 1822 434 1871 iu
445 1837 496 1887 quo
507 1823 595 1873 sedem
605 1822 653 1871 iix·
688 1825 823 1875 modestiae
834 1824 930 1875 Tiberii
942 1825 1001 1887 fuit,
1012 1839 1072 1874 cum
1089 1822 1159 1889 apud
1176 1838 1222 1889 pa·

120 1896 189 1948 inat.
222 1896 428 1961 Cic.pro‹lonro
445 1902 556 1961 capto.
587 1899 652 1949 Tac.
690 1907 742 1951 tres
767 1902 867 1952 ‘etiam
887 1906 941 1951 tum
961 1908 1054 1951 cuncta
1073 1900 1223 1951 tractaban-

118 1974 316 2027 Amlamt.
348 1974 654 2038 Dspntutnsauteussts-
689 1976 756 2029 turl’
772 1977 877 2027 adeunt
890 1984 1042 2041 procurator
1055 1976 1127 2027 Asia
1144 1976 1222 2041 isnpi-

119 2051 165 2100 tim
177 2066 194 2101 c
203 2049 346 2111 umentia,
351 2050 396 2112 jus
408 2050 521 2101 civitatis
533 2050 654 2102 eruebat.
687 2054 737 2121 lius
748 2060 884 2103 accusatus
901 2054 945 2117 sit,
962 2052 970 2080 ‘
982 2065 1144 2115 magnacum
1156 2065 1223 2101 asse

119 2122 207 2189 Uip-l·
218 2138 261 2174 ¹1·
273 2124 377 2174 1)Μο
389 2127 463 2174 Poen·
495 2125 607 2177 Poterat
617 2127 654 2175 in·
688 2131 822 2182 vetatione
834 2130 969 2195 principis,
977 2143 1028 2179 nou
1040 2143 1068 2179 se
1075 2128 1121 2191 jus
1133 2126 1183 2178 nisi
1195 2127 1222 2179 ln

119 2200 248 2251 terslictns
267 2199 653 2265 (nisisliudinsenteutiat'oe-
687 2206 794 2255 servitia
821 2212 849 2255 et
875 2204 1000 2269 pecunius
1018 2201 1157 2253 familiares
1176 2203 1221 2254 de-

118 2282 160 2327 rst
169 2274 509 2340 additum)sequocnmqne
518 2274 651 2325 conferre:
687 2279 843 2344 dbae,quod
863 2281 885 2329 si
902 2279 1083 2345 stupratoris
1100 2293 1222 2347 usurpas·

119 2351 653 2415 asuoulieitumdeportatosnperstecer·
688 2356 917 2422 set‚mauibusqua
936 2356 1044 2407 utilitum
1064 2356 1222 2420 nsus’ioret,

117 2434 157 2479 ns
165 2426 233 2477 uses
244 2428 312 2479 liv.
323 2428 386 2477 Di).
397 2425 432 2477 tle
443 2428 517 2477 Poen.
541 2426 653 2476 Verlrnts.
688 2438 779 2495 spreta
789 2430 815 2479 in
826 2445 858 2481 eo
869 2431 989 2481 mandats
998 2430 1062 2493 sna,'
1072 2434 1122 2481 &u
1146 2432 1222 2483 Com·

149 2504 189 2553 (lb
198 2504 351 2554 mmcitmen
360 2503 501 2566 temporam]
518 2502 594 2553 Hanc
602 2502 653 2551 leo·
688 2521 752 2571 pars
762 2520 796 2555 ea
805 2512 924 2569 tempora
934 2520 992 2553 cum
1003 2503 1180 2569 sequentibus,
1192 2512 1223 2557 et

118 2579 218 2631 mm
233 2580 262 2629 iu
281 2580 374 2630 Tacito
383 2578 551 2643 comprobare
568 2577 652 2641 possit
687 2581 789 2635 ridebis
807 2581 899 2631 utirum
912 2580 993 2644 Justse
1013 2576 1160 2629 clementie
1176 2578 1224 2633 do·

118 2657 189 2707 locus
198 2655 321 2706 Suetonii
336 2655 420 2717 Calig.
438 2659 464 2705 (s.
483 2653 528 2703 ubi
539 2653 572 2703 de
585 2652 651 2703 Ger-
688 2664 846 2718 comentem,
862 2670 912 2706 nou
923 2655 1073 2707 utrmitutens
1083 2658 1222 2718 temporam.

118 2733 237 2783 unico:
254 2730 355 2781 ‘Auxit
366 2730 474 2795 gloriam
483 2728 651 2779 desideriosu-
688 2732 724 2782 Et
734 2732 796 2797 quid
806 2734 905 2783 Sereno
914 2728 963 2783 t'uit
974 2746 1033 2781 oum
1045 2731 1222 2794 temporibus?

117 2824 167 2874 qne
192 2807 313 2859 defuncti
336 2807 417 2856 etism
442 2806 567 2855 tirocilns
585 2804 651 2855 inse·
687 2817 733 2859 aut
743 2824 802 2859 enm
813 2808 935 2859 ministris
944 2822 990 2859 seu
1001 2807 1223 2873 imperitantibus,

118 2885 255 2951 uacuum
277 2888 439 2947 temporum:
473 2881 575 2931 cunctis
600 2894 650 2931 uec
686 2885 737 2935 uisi
760 2884 829 2950 quod
851 2885 919 2935 forte
938 2886 965 2935 in
984 2884 1067 2935 rerba
1091 2886 1222 2937 abociora

117 2968 217 3011 tenere
236 2956 411 3022 opimlibnt,
426 2955 572 3005 reverenti·
592 2956 651 3019 eju
686 2960 809 3012 adversus
820 2961 963 3025 principem
976 2962 1145 3026 prorupisset,
1160 2974 1222 3011 cum

117 3044 231 3087 semem
242 3046 386 3096 repressam
396 3030 497 3081 'liberii
515 3031 651 3094 savinam,
686 3036 856 3101 exprobrarit
881 3036 988 3086 Tiberio
1019 3050 1091 3085 suunt
1119 3041 1222 3087 tautum

117 3107 388 3175 qanmoxemperit!
419 3109 485 3159 Qne
494 3111 651 3157 tamensim·
688 3112 801 3163 studium
829 3112 855 3160 in
874 3111 1019 3161 damnando
1040 3111 1137 3161 Libone
1163 3110 1221 3161 siue

116 3188 177 3239 sisa
192 3186 293 3237 Tiberii
301 3200 348 3236 seu
357 3179 488 3249 supinas
497 3185 584 3248 erupit
594 3191 650 3234 tuu-
686 3186 774 3237 fructu
785 3186 881 3237 inisse?
904 3201 961 3251 qun
972 3187 1086 3236 moetus
1097 3200 1148 3235 non
1161 3190 1221 3237 sen-

117 3270 172 3313 tam
190 3266 374 3327 postmortem
385 3260 466 3309 Drusi
477 3258 600 3323 quitilinr
608 3260 650 3309 'li-
684 3279 770 3327 possut
786 3261 845 3319 init.
862 3260 908 3310 sed
924 3260 1022 3325 ingenii
1034 3261 1221 3327 etmorusnip·

116 3339 190 3403 besil,
200 3343 232 3387 ut
250 3343 327 3402 patet
336 3350 370 3386 ea
383 3340 438 3385 tota
454 3348 487 3384 ea
501 3335 650 3384 narratione
687 3339 739 3389 sins
749 3336 817 3386 Vibii
828 3335 928 3386 Sereni.

116 3414 209 3467 liciti
719 3416 756 3465 Et
775 3412 912 3463 verisimile
931 3418 973 3463 cot
990 3412 1058 3463 bunc
1076 3413 1220 3463 delatorem

148 3490 189 3539 0b
215 3486 377 3549 stmcitntm]
409 3484 581 3544 Vellfimllill·
609 3490 651 3534 θίί
685 3490 911 3549 acerrimum‚nou
929 3488 1005 3537 modo
1018 3488 1151 3537 lacessisse
1162 3487 1221 3536 Cte-

116 3564 251 3628 scripsisse
260 3562 389 3623 Tacitum,
406 3560 434 3609 ob
444 3560 593 3609 meatum
603 3576 651 3609 no·
686 3576 780 3624 mom,
798 3563 844 3613 sed
861 3564 939 3612 etiarn
963 3567 1090 3624 senatum,
1108 3576 1154 3610 scu
1173 3575 1221 3626 pa·

116 3655 184 3689 run:
202 3639 260 3703 quis
271 3636 340 3687 enim
348 3642 424 3701 putet
432 3636 581 3685 damnatum
592 3650 650 3685 essa
687 3648 756 3691 trum
767 3636 957 3687 honestissimos
967 3641 996 3685 et
1006 3634 1168 3701 clarissimos,
1175 3650 1221 3701 cp·

117 3718 228 3783 Quem
262 3714 292 3764 si
324 3712 473 3762 maten
499 3710 651 3775 temporati
688 3714 757 3766 timis
766 3712 861 3762 civium
869 3711 1031 3762 obtrectasse
1040 3718 1067 3761 et
1076 3711 1220 3763 oblatrasse

116 3793 186 3843 itlem
197 3790 296 3856 quippe
313 3797 363 3848 est,
382 3803 412 3839 ac
423 3790 445 3838 si
456 3788 557 3838 diceret
567 3786 595 3836 ob
605 3802 650 3836 sn·
687 3786 905 3841 criminationibus
923 3786 1021 3836 crebris
1039 3785 1221 3851 delationibus·

116 3869 199 3917 dnm
219 3865 408 3929 matiam
432 3862 511 3913 fuisse
530 3863 651 3925 deporta·
687 3880 755 3931 que:
774 3862 842 3915 unde
855 3864 940 3913 odium
952 3862 1129 3912 universorum
1148 3860 1220 3911 inse

118 3948 216 4006 tmn,et
227 3941 285 4005 quis
295 3946 387 3990 auctor
396 3940 433 3989 sic
443 3940 574 4004 loquatur,
579 3939 650 3987 nulio
687 3939 836 3993 concitavit.

117 4022 165 4071 alio
182 4019 283 4082 atltlito,
293 4020 366 4067 nulla
375 4019 476 4069 ratione
488 4018 601 4080 reddita,
612 4024 651 4067 ts·
719 4016 791 4066 Hinc
812 4029 890 4065 carisa
908 4019 958 4075 est,
978 4025 1026 4062 cur
1045 4024 1096 4060 uon
1117 4016 1219 4063 tautum

117 4096 149 4145 l'n
158 4094 306 4146 ctrocitatis
315 4100 470 4156 temporum,
485 4107 532 4143 seu
548 4092 651 4157 imperi·
686 4108 754 4158 sque
765 4100 793 4143 ct
804 4091 857 4154 igni
867 4088 1022 4139 interdictus
1033 4087 1078 4149 sit,
1096 4086 1129 4138 ob
1146 4087 1219 4138 sevi·

117 4170 243 4223 mnam?
473 4174 477 4180 '
686 4168 751 4217 tiam
770 4172 799 4217 et
817 4164 868 4215 rim
887 4162 1018 4229 publicam
1038 4162 1219 4217 exercitatum
