2975 4784
174 373 201 427 J.
213 375 243 427 c.
256 374 312 439 aa]
521 372 742 423 ..insanius
766 372 909 423 marr.
1205 360 1274 433 921

215 520 272 584 25.
294 516 454 583 Nondum
466 517 498 581 is
513 516 608 582 dolor
623 518 824 594 exoleverat,
839 536 916 581 cum
936 516 978 581 de
994 514 1199 601 Agrippina¹
1211 540 1272 589 an-

175 622 289 699 ditum,
304 640 414 704 quam,
430 619 602 684 interiecto
618 618 753 702 Sejano,
769 638 832 702 spe
846 623 1070 696 sustentatam,
1084 621 1273 703 provixisse

173 742 256 800 reor,
270 729 315 800 et,
332 728 513 805 postquam
538 721 618 787 nihil
632 721 674 784 de
700 721 835 783 saevitia
854 720 1090 798 remittebatur,
1105 722 1273 789 voluntate

174 824 372 889 extinctam:
395 823 462 887 nisi
483 823 525 899 si,
540 824 668 905 negatis
687 822 867 899 alimentis,
884 821 1100 888 assimulatus
1121 831 1174 889 est
1186 825 1272 911 linis,

173 924 231 1006 qui
254 924 418 989 videretur
444 930 560 1006 sponte
583 928 721 987 sumtus.
765 921 941 987 Fnimvero
954 923 1109 989 Tiberius
1122 925 1271 991 ioedissi-

170 1025 235 1089 mis
266 1027 552 1091 criminationibus
579 1026 716 1103 exarsit,
743 1024 1021 1107 ‘impudicitiam'
1035 1046 1188 1109 arguens,
1211 1032 1272 1093 ‘et

171 1124 329 1193 Asinium
345 1128 478 1193 Gallum
492 1128 687 1206 adulterum,
701 1128 840 1211 ejusque
858 1134 963 1192 morte
979 1128 1023 1191 ad
1036 1128 1174 1193 taedium
1189 1130 1270 1195 vitm

172 1229 399 1313 compulsam!
441 1229 510 1293 Sed
524 1229 724 1314 Agrippina,
732 1230 848 1311 'aeqni¹
863 1228 1069 1314 impatiens,¹¹
1081 1230 1270 1295 dominandi

171 1330 283 1409 avida,
295 1332 449 1396 virilibus
471 1332 561 1395 curis
580 1330 791 1395 foeminarum
811 1330 897 1395 vitia
920 1334 1070 1395 exuerat.
1115 1330 1270 1397 ‘Eodem

172 1429 241 1497 die⁵
263 1431 464 1512 defunctam,
487 1452 554 1516 quo
575 1431 710 1496 biennio
735 1436 813 1495 ante
834 1431 978 1517 Sejanus
997 1450 1117 1516 poenas
1138 1432 1270 1517 luisset,

203 1641 314 1689 Nondum
330 1654 415 1689 mr·
433 1640 474 1690 itu
492 1640 604 1701 desierat,
613 1656 666 1689 cam
682 1637 857 1703 dsdgrippiao
872 1642 1007 1689 mutua
1017 1644 1270 1703 est,qaaia,opprssss

169 1702 264 1765 Seiano,
274 1705 440 1769 supervixisse,
452 1719 492 1768 spe
508 1720 533 1755 se
543 1706 705 1769 aliquatenns
716 1706 879 1764 mstinestenr,
887 1709 962 1769 puto.-
976 1708 1004 1752 st
1019 1704 1060 1753 sti
1074 1703 1136 1753 nun
1146 1701 1271 1753 semod-

168 1772 218 1817 'ints
227 1770 388 1831 relaxabatur,
397 1774 477 1833 sponte
488 1774 586 1819 mortem
596 1771 717 1819 modste.-
732 1769 781 1817 nisi
798 1770 820 1816 si
834 1769 963 1817 subtractis
978 1767 1037 1816 cibis
1051 1766 1191 1816 marrim
1205 1780 1270 1819 m

169 1838 211 1895 est,
218 1848 270 1895 μω
278 1837 405 1896 prrtsretsr
415 1834 477 1883 ultro
487 1834 595 1897 qaoesito.
630 1834 724 1897 Quippe
737 1833 846 1882 Tiberias
856 1833 1000 1895 turpissimis
1007 1832 1216 1895 protrisinoectas
1225 1834 1271 1893 sat,

168 1894 278 1945 immin-a
290 1897 423 1946 libidinem
433 1898 550 1957 incussus,
561 1902 589 1947 et
598 1896 716 1947 Asinium
726 1897 831 1945 Gallum
839 1904 1015 1959 corruptorem
1026 1912 1033 1956 ;
1050 1910 1133 1960 eoque
1144 1895 1271 1957 extincto,

168 1962 248 2009 sitam
260 1975 315 2024 prae
335 1960 413 2010 taedio
432 1962 514 2024 ipsam
532 1962 701 2010 exhorruisse.
735 1960 783 2009 Sed
792 1961 929 2023 Agrippino
938 1960 1000 2023 oeqsi
1014 1960 1151 2017 intolerans,
1162 1964 1186 2007 st
1198 1959 1270 2021 impe·

167 2026 236 2073 sandi
253 2027 347 2088 cupido,
357 2024 466 2074 uirilibus
480 2024 698 2083 studiissoenainess
717 2025 838 2086 cupidines
847 2030 977 2087 spreverat
1009 2024 1113 2072 Addidit
1124 2025 1269 2081 Gemmeu-

167 2087 227 2138 dem
246 2087 289 2139 die
306 2088 449 2139 extinctam
466 2104 532 2152 esse,
545 2103 595 2154 quo
618 2088 722 2139 biennio
742 2094 803 2137 ante
822 2088 856 2136 de
874 2088 968 2151 Sejano
986 2086 1269 2151 suppliciamentum

198 2335 212 2381 l
232 2330 341 2395 Optime
360 2330 476 2381 dictum:
494 2346 544 2382 neo
561 2333 713 2384 tentandum
726 2348 785 2408 oum
796 2331 916 2394 Heinsio,
925 2332 1028 2396 ὠιιφάἰ
1045 2331 1177 2396 impetisse.
1202 2330 1268 2408 pro·

166 2396 234 2473 tier...
259 2394 396 2472 Acidalius
415 2398 493 2459 plane
512 2412 563 2445 non
574 2412 663 2447 rernm
682 2398 840 2461 credrtoeqai
857 2398 993 2459 impatiens,
1011 2403 1209 2472 potatqoesegr
1225 2396 1267 2445 rel

159 2460 523 2590 fflgpztxffipegppjtcrp'n'·
539 2460 590 2511 Sed
608 2475 698 2512 verum
711 2468 786 2527 patet
794 2476 829 2511 ea
839 2474 871 2511 ιι.
880 2465 921 2513 42.
936 2462 944 2489 ‘
956 2460 1071 2525 Regibus
1082 2474 1156 2527 sequa
1171 2458 1268 2515 nedum

662 2638 770 2690 NOTAE

198 2764 290 2815 tcum
310 2764 616 2829 &spinturnicem
634 2768 695 2825 Tib.
736 2774 807 2820 esset
826 2768 913 2834 neptis
933 2775 961 2820 at
982 2768 1038 2819 filia
1056 2767 1179 2835 Augusti,
1202 2782 1269 2819 usos

165 2844 206 2891 6⁸.
222 2840 389 2891 ‘Novissime
413 2842 595 2904 calumniatus,
619 2842 696 2893 modo
737 2845 888 2897 Germanici
899 2846 1021 2908 earam,
1036 2852 1171 2911 materque
1181 2847 1269 2897 Casa·

165 2916 197 2966 ad
215 2924 328 2968 statuam
339 2917 698 2982 Angustimodoadexerci·
736 2922 1095 2985 ramses-Germanicorum.
1126 2921 1269 2975 Nonintra
1353 2943 1357 2951 ·

165 3000 206 3045 tus
215 2992 357 3059 confugere
365 2996 442 3058 velle,
453 2996 638 3047 Pandateriam
657 3013 697 3047 re·
736 2999 827 3062 populi
839 3005 886 3049 aut
896 2998 990 3047 oirinm
999 2997 1103 3047 modum
1114 3010 1143 3046 se
1152 2997 1269 3046 eontloe·

165 3068 280 3134 legarit:
299 3071 503 3136 continentique
525 3073 628 3123 oculum
649 3086 697 3137 per
737 3072 783 3125 bat
798 3072 914 3135 l'oemina,
928 3074 1042 3136 adsonis
1060 3074 1165 3137 ingenio
1183 3072 1269 3137 feros,

165 3148 344 3197 centurionem
381 3148 532 3198 verberibus
573 3150 696 3201 excussit.
737 3148 887 3213 sopmbast
897 3148 994 3196 servitii
1005 3148 1269 3211 impatiens,ipsado·

164 3223 264 3274 Rursus
286 3224 351 3273 niori
378 3224 465 3277 inedia
487 3225 626 3277 destinanti
649 3241 697 3290 per
735 3224 914 3284 minationem,
924 3220 1012 3271 nisibi
1026 3236 1058 3270 ao
1072 3221 1213 3284 majoribus
1223 3220 1269 3273 de·

164 3300 217 3351 rim
228 3316 275 3351 ors
286 3300 401 3352 deducto
417 3300 531 3352 infulciri
543 3304 630 3353 cibum
641 3304 696 3367 jus·
735 3299 828 3361 bitem,
848 3298 971 3348 ardenter
989 3295 1122 3359 cupiebat,
1140 3296 1201 3345 nixa
1217 3297 1269 3345 vir-

162 3376 207 3427 sit.
233 3376 285 3426 Sed
300 3384 328 3427 et
339 3384 559 3441 perseverantem,
570 3386 648 3444 atque
660 3379 698 3427 ita
738 3374 963 3440 tote,nobilitate‚
979 3380 1072 3438 totque
1087 3371 1148 3423 filiis
1159 3371 1269 3425 cisun·

163 3451 309 3503 absuntam
327 3452 534 3503 criminosissime
554 3454 696 3503 insectatns
735 3453 796 3506 bns.

163 3532 214 3589 est,
225 3540 285 3577 cum
303 3526 373 3577 diem
386 3542 487 3593 qnoque
508 3530 620 3579 natalem
638 3529 695 3593 ejus
772 3528 882 3579 ἘΜ
892 3526 943 3590 die]
957 3527 1002 3578 Sic
1020 3526 1105 3577 molta
1120 3540 1192 3590 sepe
1209 3538 1269 3577 eve·

163 3602 233 3653 inter
239 3600 352 3653 nefastos
363 3602 525 3655 referendum
535 3604 695 3657 censuisset!
736 3604 811 3653 ninnt
827 3618 891 3653 casu
909 3600 1029 3666 fortuito,
1045 3601 1119 3667 qnasi
1137 3601 1268 3667 sapientia

196 3676 209 3711 ²
224 3678 300 3743 AEoai
316 3678 452 3744 impertiens]
467 3680 510 3729 Sio
522 3680 585 3730 alibi
595 3682 696 3731 toleras·
708 3718 711 3725 .
736 3682 824 3744 aliqua
834 3680 978 3731 ordinante.
1001 3678 1076 3729 Plut.
1086 3678 1106 3728 l.
1118 3691 1182 3729 viu.
1193 3678 1268 3743 Sym·

161 3755 188 3804 tt
204 3754 292 3815 amis,
303 3756 376 3819 qnasi
393 3756 493 3807 diceret
503 3755 607 3821 cooequo
623 3758 697 3821 imps-
736 3771 793 3821 pos.
809 3757 817 3784 ⁴
830 3756 891 3807 Non
902 3756 970 3806 male
982 3755 1038 3819 jam
1049 3754 1083 3805 de
1093 3754 1199 3806 fortuna
1208 3768 1268 3818 pro-

162 3830 234 3891 tiens,
244 3828 392 3881 dominandi
414 3832 500 3895 avida,
517 3839 547 3883 ut
565 3833 615 3898 ipsi
633 3833 695 3884 alibi
736 3831 876 3894 nuntiarit,
887 3846 946 3881 eam
964 3846 1024 3881 eum
1044 3826 1268 3894 asaplantiadit'·

162 3907 332 3970 exprobravit
349 3907 471 3959 Tiberius
486 3910 583 3961 (linco
602 3924 695 3971 serso;
735 3905 961 3973 ierstplorimom,
980 3906 1267 3970 permultslujusops·

161 3982 207 4031 ‘Si
217 3996 270 4033 non
282 3982 431 4046 dominaris,
442 3982 529 4047 liliola,
539 3986 660 4049 injuriam
669 3993 695 4037 te
735 3997 793 4033 rum
814 3984 908 4033 similia
926 3981 1024 4032 facore.
1058 3981 1161 4031 Mentis
1185 3978 1267 4047 etlam

163 4058 285 4121 accipere
295 4059 444 4110 existimas)
467 4062 576 4111 Straton.
585 4062 642 4113 lib.
653 4066 695 4113 6³.
736 4058 809 4109 faeta
825 4066 867 4109 eat
883 4058 959 4121 huius
977 4057 1024 4117 rei,
1035 4056 1105 4121 qnod
1115 4055 1267 4110 Alexander

193 4136 270 4199 liqui
285 4136 422 4201 tamdem]
439 4136 472 4187 ld
489 4144 540 4201 est,
554 4140 608 4202 ptus
625 4156 696 4203 oasa
736 4138 848 4200 Magum
876 4142 905 4185 et
926 4135 1062 4198 Diogenes
1082 4134 1197 4199 cynicos
1220 4136 1266 4187 illa

160 4209 377 4275 morisim
392 4226 444 4266 aes
462 4212 508 4263 abs
531 4227 570 4277 re,
589 4219 619 4264 nt
636 4228 693 4282 qus
735 4225 787 4265 usa
806 4209 951 4277 Marsque
971 4209 1015 4263 die
1033 4222 1049 4259 e
1067 4207 1268 4265 irrumceria-
