2975 4784
253 349 319 421 710
581 365 612 411 υ.
636 363 820 414 consutis
846 364 998 431 rietur·
1195 374 1361 441 [ntum.

753 503 860 565 NO'l'AE

246 609 359 673 judicio,
375 603 439 659 nibil
456 606 498 661 liic
516 611 644 677 deprimo
655 612 784 678 Augusto,
824 614 891 679 quod
903 614 970 679 digit
981 614 1116 683 Augustus
1128 631 1187 671 cum
1197 619 1255 673 ulos
1264 619 1359 673 iudeus

250 686 394 737 del'ibetio
411 687 630 751 ipsosermoest3
649 688 783 739 ethicde·
822 690 875 739 suia
902 690 992 742 amicis
1017 700 1045 743 et
1071 694 1239 746 collusoribus
1265 710 1360 749 mauu,

249 763 328 826 nique
341 762 476 812 avaritiam
487 764 542 827 ejus
560 779 589 814 se
600 765 728 815 revelasse
739 780 784 815 nu·
823 778 895 829 sepe
922 767 1077 819 remitteret.
1116 770 1197 821 Patet
1220 771 1299 821 etiam
1321 786 1358 823 ex

247 848 294 889 tea
318 840 454 890 occultam.
502 843 628 904 legeram
654 856 703 905 pro
728 844 781 893 boc
824 839 910 891 Plinio
921 842 940 894 1.
958 856 1043 895 xviri.
1052 848 1078 895 d.
1101 845 1253 897 ‘L'l‘stius
1271 845 1357 899 tinius

246 930 323 968 consu
334 916 440 979 Augusti
456 918 574 967 mnam
607 918 690 982 Supra
706 920 780 969 'l'aei-
821 915 909 969 infima
927 918 1050 971 natalium
1065 921 1220 987 bumilitute,
1238 924 1357 975 consula·

247 991 538 1054 turdisit,‘'l'iberinm
559 992 682 1042 adversus
701 1006 780 1058 pecu·
823 1002 877 1045 tum
891 996 997 1049 militari
1015 996 1142 1050 industria
1159 1002 1356 1065 meritus‚auti-

245 1068 314 1117 niam
324 1068 386 1118 satis
397 1068 499 1119 firmmu
507 1066 585 1121 fuisse
594 1068 612 1119 :'
628 1075 656 1118 et
667 1068 729 1119 alibi
740 1070 778 1120 sic
821 1086 878 1137 quae
890 1072 956 1123 sllsa
965 1073 1142 1138 parcimonie,
1148 1076 1253 1128 circiter
1261 1078 1356 1130 millies

247 1147 372 1199 ostendit.
404 1148 511 1211 lipsien
820 1147 874 1200 HS.
885 1149 1041 1201 liberalitate
1052 1151 1108 1202 divi
1121 1152 1230 1219 Augusti
1246 1169 1356 1220 conges-

288 1224 339 1273 Sed
365 1224 495 1275 maumas
515 1225 632 1291 Amris]
665 1228 779 1293 eorrup-
820 1229 884 1289 tum,
904 1240 983 1291 usque
1003 1226 1037 1277 sd
1057 1226 1273 1282 detrectationem
1296 1230 1356 1297 (alil

247 1305 288 1347 tna
296 1297 357 1347 milri
365 1298 468 1350 videtur
479 1301 565 1352 locun:
578 1304 599 1352 si
611 1311 697 1354 tamen
707 1313 738 1357 nt
749 1322 777 1356 ne
818 1300 909 1365 legunt
918 1301 1120 1371 detractionem)
1130 1306 1250 1370 heredis,
1258 1308 1357 1359 erbeu-

245 1374 326 1423 babet
342 1373 520 1428 detendendae
537 1379 581 1439 sit,
598 1380 683 1431 innuit
697 1382 778 1446 pinri-
818 1378 1355 1449 ait,ngennin1³ieenneniinandn,cnion·

242 1463 287 1498 ma
301 1449 447 1512 Augurium
468 1452 532 1505 sitin
552 1454 698 1505 liberaliter
715 1458 777 1507 oliui
817 1454 904 1520 doque
915 1457 944 1507 ln
955 1458 1083 1522 glorium?

242 1524 312 1575 douo
339 1526 452 1591 dedisse,
470 1544 565 1593 nempe
586 1532 684 1596 hortos,
703 1534 777 1585 villas
850 1533 1039 1585 Sedlibernliim
1048 1537 1154 1598 Augusti
1163 1536 1254 1601 amon]
1268 1537 1355 1589 dicet

241 1614 364 1665 amenas,
374 1609 403 1653 ei
417 1604 519 1667 similia,
530 1621 638 1671 quorum
649 1609 777 1660 miditate
816 1609 877 1659 l'so.
889 1610 907 1659 1.
920 1624 940 1659 r.
953 1610 1024 1661 illst.
1043 1612 1051 1639 ‘
1063 1611 1104 1661 liis
1120 1618 1148 1662 et
1167 1612 1247 1663 vicies
1257 1613 1353 1665 millies

240 1684 327 1729 motus
337 1679 457 1731 'liberios
474 1681 501 1731 ln
519 1682 577 1733 Silii
593 1683 661 1734 bons
671 1686 772 1737 saeviit:
814 1686 962 1737 sestertium
974 1687 1156 1739 donationibus
1167 1687 1240 1738 Nero
1250 1686 1352 1741 eunda-

240 1754 393 1819 curavitque
408 1757 555 1821 computari
573 1759 721 1821 singiliatim
741 1776 774 1815 es
813 1766 870 1811 rut:
883 1760 1009 1826 appellari
1020 1762 1221 1826 singulosjussit
1230 1761 1353 1829 (Galba),

238 1830 326 1878 omnis
345 1844 405 1893 qiiae
419 1828 484 1886 fisco
494 1834 660 1899 petebantur,
674 1844 706 1888 ut
723 1841 773 1891 sci·
813 1837 914 1887 decima
930 1844 1007 1903 parte
1015 1838 1178 1889 liberalitatis
1187 1838 1353 1905 apudquern·

237 1904 304 1955 linet
328 1906 399 1957 iuter
419 1909 466 1959 ills
492 1912 774 1976 comprehenderentur
813 1926 968 1976 quecorurn
986 1912 1096 1965 relicta!
1129 1915 1195 1965 Cum
1212 1914 1288 1965 Silius
1303 1914 1352 1967 tin-

237 1980 526 2049 etiaruAugustidous.
559 1986 646 2039 Alium
658 2003 772 2054 sensnm,
813 1996 884 2040 reret
894 1988 921 2039 iu
929 1989 1071 2041 Germania
1080 1990 1351 2054 legatasGeuuanioi,

236 2054 348 2121 fortun
368 2074 421 2111 uon
442 2059 591 2125 abemdnrn,
609 2066 772 2130 excogitavit
811 2066 879 2117 bend
900 2066 978 2118 dubie
997 2082 1030 2119 ex
1052 2072 1211 2118 testamento
1227 2065 1352 2132 Augusti,

236 2132 391 2186 Frsueisous
406 2136 558 2202 Vestorius,
581 2141 700 2209 scilicet:
724 2144 771 2195 sed
811 2140 852 2193 rel
862 2140 948 2205 aliter,
959 2142 1144 2192 liberalitatem
1160 2142 1271 2206 aliquan
1281 2142 1351 2195 seci-

234 2207 385 2274 liberalitas,
395 2227 447 2277 qus
457 2213 592 2277 Augustus
603 2230 674 2279 usus,
682 2232 771 2282 quam·
810 2230 875 2281 pere
894 2216 995 2281 debuit,
1013 2219 1054 2267 vel
1073 2219 1130 2282 jam
1151 2224 1306 2285 acceperat:
1326 2220 1351 2271 si

235 2297 287 2347 que
296 2284 417 2337 tiberin
425 2302 506 2353 uque
525 2288 558 2339 ad
576 2290 633 2340 baec
651 2298 770 2355 tempore
810 2294 925 2345 nondum
937 2302 1086 2359 acceperat,
1096 2302 1183 2345 tamen
1192 2294 1281 2345 arulas
1291 2302 1348 2357 αις

233 2357 351 2423 imitatus
362 2368 413 2427 est,
429 2367 484 2411 tum
503 2363 616 2428 primunr
634 2376 769 2433 corrupta.
809 2370 831 2419 si
851 2377 1002 2435 acceperat,
1014 2371 1110 2441 itidem
1132 2371 1223 2421 avulsa
1243 2379 1271 2423 et
1287 2372 1348 2425 sub·

235 2432 351 2487 Picieaa.
810 2452 905 2510 tracta,
940 2462 989 2501 neo
1010 2448 1084 2512 quasi
1109 2447 1292 2499 uumersbator
1318 2449 1348 2499 iu

255 2512 355 2579 ‚saun
379 2513 509 2567 was
527 2516 647 2582 Augurii]
678 2521 768 2572 Vertit
808 2522 883 2574 bouis
898 2524 1037 2590 Silii,quia
1054 2522 1123 2575 forte
1142 2540 1194 2575 non
1212 2524 1348 2579 confirme-

231 2584 343 2639 Ablaue.
355 2589 428 2656 qussi
449 2593 489 2641 sic
507 2593 660 2643 redemisset
678 2593 767 2645 facile·
808 2605 863 2651 turn
879 2600 943 2651 illud
956 2600 1111 2653 beneficium
1121 2616 1137 2652 s
1148 2617 1214 2653 noro
1225 2603 1346 2669 principe

232 2676 284 2726 qne
305 2665 426 2715 solvisset
443 2666 563 2717 'liberius
585 2669 701 2733 legatum
711 2670 765 2721 Au·
805 2674 1346 2743 Tiberio,quodnovuminventum,etinter

230 2738 310 2802 gnati,
326 2741 396 2803 quod
406 2740 492 2792 adine
503 2742 647 2795 debebatur
656 2746 730 2797 Silio.
806 2758 876 2801 artes
887 2752 984 2803 Tiberii
996 2752 1055 2819 fnit,
1075 2762 1143 2805 teste
1154 2756 1225 2807 Suet.
1242 2756 1306 2807 Tito
1317 2762 1345 2809 8.

262 2812 454 2866 Sedliberditm
464 2816 672 2885 inminentia]
697 2824 764 2873 Ver·
803 2826 932 2877 ‘Natura
960 2835 1047 2879 entem
1075 2830 1345 2897 benevolentissime,

229 2888 265 2938 tit
274 2886 406 2954 interpres
422 2892 540 2945 Gallicus
556 2895 630 2959 qussi
644 2894 763 2948 Tiberius
805 2916 903 2953 cumen
913 2904 1141 2955 institutoTiberii
1152 2906 1344 2959 onnesdebinc

229 2965 364 3028 acceperit
384 2974 487 3031 partem
506 2968 630 3021 bonorum
648 2970 714 3037 Silii,
733 2980 765 3024 ut
806 2977 923 3029 Caesares
934 2978 1344 3043 beneficiassuperioribuscou·

228 3037 291 3089 inde
310 3039 475 3103 largitionem
490 3057 538 3093 sen
553 3046 642 3108 legata
651 3045 764 3111 Augusti
806 3066 881 3101 cessa
892 3054 1066 3118 principibus,
1077 3056 1155 3104 aliter
1167 3062 1225 3106 rata
1236 3070 1286 3107 non
1298 3058 1343 3109 bn·

228 3114 342 3165 nondum
359 3117 477 3167 exsoluta
499 3120 671 3182 persolveret.
711 3124 764 3175 Sed
806 3126 909 3192 berent,
920 3144 997 3194 quern
1010 3131 1032 3181 si
1043 3130 1133 3183 eadem
1145 3130 1236 3183 iisdem
1252 3138 1279 3182 et
1291 3132 1342 3197 ipsi

227 3190 364 3259 qaidopea
373 3191 441 3257 sitii,
453 3196 569 3258 quumvis
581 3196 711 3264 ingentes,
730 3200 764 3250 ad
805 3203 949 3265 dedissent,
974 3206 1070 3270 primus
1098 3206 1233 3271 praeterita
1253 3208 1341 3259 omnis

227 3270 309 3316 tante
331 3268 407 3317 molis
427 3270 599 3335 largitionem,
621 3288 673 3338 qne
692 3275 763 3327 eires
805 3279 967 3333 confirmavit
989 3282 1093 3334 edicto:
1121 3296 1170 3333 nec
1193 3297 1208 3331 a
1231 3298 1259 3333 se
1281 3284 1340 3348 peti

225 3340 333 3405 viritim
342 3345 638 3406 praetorianosetetiam
646 3349 763 3413 legiones
801 3370 892 3421 pesam
908 3354 966 3407 est?
1321 3382 1323 3387 ¹

224 3414 391 3469 demeruerat
409 3419 560 3484 Augustus?
592 3423 708 3490 Alamos,
724 3428 763 3479 iu·
835 3430 982 3483 Libetuliins
1000 3431 1117 3496 Arguat]
1149 3432 1217 3483 Mihi
1237 3441 1339 3486 certum

226 3497 328 3557 terpres
345 3494 487 3561 Hispanus,
503 3500 610 3563 vartit‚‘
622 3502 694 3565 quasi
706 3509 761 3557 tum
802 3513 844 3557 est
862 3506 896 3557 de
908 3509 992 3572 primo
1004 3508 1123 3573 Angusto
1140 3524 1284 3565 sermonem
1296 3512 1338 3565 bio

225 3568 343 3619 extincta
352 3570 390 3619 sie
401 3572 539 3638 excisaque
550 3576 658 3639 penitus
666 3576 761 3629 libara-
801 3597 868 3647 esee,
890 3599 941 3635 non
962 3584 995 3635 de
1015 3586 1132 3651 Tiberio,
1151 3602 1227 3652 quem
1246 3595 1338 3640 noster

222 3642 284 3691 litas
300 3643 430 3708 Augusti:
472 3650 647 3702 Darensstius
666 3653 760 3721 Italas,
802 3674 927 3727 nusquam
938 3658 1084 3725 Augustum
1101 3664 1337 3716 nominetenus

224 3719 463 3785 ‘quasiAagostus
480 3723 568 3777 debita
587 3728 672 3794 aliqua
682 3732 760 3781 reni-
799 3750 921 3802 ροηοιιι.

116 3858 120 3864 .
219 3793 300 3845 sisset
319 3794 402 3857 silici
423 3812 482 3864 quae
505 3799 649 3857 liberalitas
670 3809 759 3859 arulas
830 3814 939 3867 Sensuro
951 3828 1029 3879 porro
1049 3816 1124 3881 bujas
1146 3817 1248 3882 periodi
1265 3819 1336 3877 bone

221 3869 262 3920 illi
283 3879 312 3921 et
332 3872 438 3925 memte
457 3882 514 3927 tum
535 3879 673 3931 s'l'iberio
690 3882 760 3949 fuit‚’
799 3902 856 3957 esre
868 3897 967 3954 putem,
978 3896 1009 3942 nt
1020 3889 1129 3943 dicatio
1141 3893 1208 3945 bona
1217 3894 1274 3945 Silii
1285 3910 1336 3948 se.-

221 3943 230 3971 ‘
243 3953 400 4020 computatis
411 3952 578 4017 singiliatim
588 3957 638 4007 tre.
798 3966 879 4017 ritum
891 3980 963 4018 esse:
981 3974 1073 4019 nonni
1090 3968 1265 4021 redderentur
1276 3986 1337 4035 prc-

255 4020 337 4071 Certe
347 4023 538 4079 liberalissimus
549 4028 601 4080 fuit
611 4030 758 4097 Augustas,
797 4038 1025 4108 vincislibus‚qua
1043 4043 1108 4108 ipsis
1127 4045 1333 4111 eripuissei,sed

223 4102 254 4145 nt
264 4103 340 4159 patet
352 4101 436 4151 exbls
446 4106 516 4167 apud
533 4107 641 4159 Sueten
652 4111 756 4163 verbis:
797 4122 828 4167 nt
846 4126 1014 4183 repeteretur
1026 4122 1148 4186 pecunia,
1165 4137 1240 4188 qusm
1253 4138 1286 4173 ex
1301 4124 1333 4177 li·

215 4170 301 4226 ‘Mes
309 4174 757 4254 nebenignitneueretinentnm'
796 4192 934 4259 beralitate
955 4192 1070 4261 Augurii
1095 4211 1160 4253 eun·
1179 4198 1249 4274 alias,
1275 4205 1332 4253 inm
