2975 4784
155 355 319 429 ιω]-
520 356 728 409 tunsarum
753 361 827 412 urs.
850 361 904 414 rv.·
1196 341 1264 414 825

152 508 327 580 uictimas·
337 506 487 574 caderer’
510 526 579 593 qno
601 507 798 574 intendisset
812 510 941 587 oculos,
957 527 1025 592 quo
1040 508 1155 574 verbe?
1170 507 1263 576 accl-

154 611 280 689 derent,
293 611 579 694 ingn,·vestitas:⁴¹
602 611 711 676 deseri
735 613 863 689 itinera,
888 611 975 676 forn:
998 611 1189 695 etquidem
1212 633 1264 678 re·
1363 616 1367 628 '

154 714 399 798 gradiebantur,
412 713 689 797 ostentabantque
703 733 740 776 se
758 733 902 789 mesum,
916 712 951 776 id
966 713 1076 796 ipsum
1093 719 1264 796 paventes,

156 815 247 899 qnod
261 817 473 881 umusoenv
515 815 649 894 ‘Quem
674 819 761 880 euim
787 815 1046 879 diem⁸vacuum
1067 833 1181 896 poeua,
1205 817 1264 881 uhi

153 917 240 984 aser
253 935 352 981 sacra
365 921 400 980 et
411 915 513 994 rota,t
525 936 594 1002 quo
614 925 763 1001 ternpore
788 917 898 980 verbis
913 917 1012 980 etiam
1034 916 1184 998 profanis
1205 917 1265 982 ab·

151 1111 497 1227 menne
504 1111 758 1227 *nen
765 1113 886 1227 ere
896 1112 1088 1227 curn
1097 1113 1268 1227 ψ

151 1241 251 1290 Μ.
283 1193 368 1294 Obe-
380 1243 448 1292 entus
458 1183 712 1318 &mmuh
721 1193 861 1307 wgplicib,
873 1193 1013 1318 &ingr
1025 1192 1155 1319 ιιοξίίῆἕίι
1166 1193 1266 1307 effi:

152 1305 319 1370 plicationes,
328 1321 380 1372 qus
391 1313 547 1372 tempestate
560 1307 645 1356 rerhts
661 1308 740 1357 etism
750 1321 840 1373 parunt
852 1307 979 1371 rehgrosrs
991 1314 1132 1376 temperari
1143 1321 1199 1358 runs
1210 1305 1267 1358 fun

661 1453 768 1505 NOTAE

152 1553 198 1600 tor
213 1561 266 1598 sou
286 1556 348 1600 ante
366 1547 474 1614 dimisit,
491 1564 568 1616 quam
586 1549 692 1614 munis
730 1549 798 1599 tnsle
809 1548 858 1600 sihi
874 1550 985 1600 conscire
1005 1549 1109 1612 mentis,
1124 1555 1204 1615 atque
1219 1547 1267 1602 exa'

152 1624 270 1675 inaures
288 1631 317 1676 et
331 1628 423 1677 oculos
440 1625 601 1678 redundaret
609 1627 625 1678 ε’
645 1626 691 1677 ubl
730 1625 851 1684 indesihl
863 1625 1007 1690 periculum
1019 1625 1266 1692 fortecresriposse

153 1705 184 1750 et
192 1699 246 1750 slis
256 1701 377 1766 quedam
388 1704 543 1754 notavimus.
563 1704 673 1754 Frea'ssl.
729 1701 781 1750 sihi
791 1701 991 1766 persuadebant.

187 1783 200 1810 ⁸
218 1773 346 1843 Vetissus]
376 1779 619 1846 Siciuuuehstnou
632 1781 689 1844 jam
762 1777 939 1836 'Mesia
948 1777 1022 1842 den]
1055 1779 1116 1829 Nou
1133 1777 1265 1830 arintheo

150 1866 229 1904 nors
239 1855 328 1919 patrie
343 1855 402 1906 Diis
413 1855 553 1919 immolari,
563 1869 609 1921 pro
618 1855 690 1906 felici
728 1853 819 1904 Sabini
829 1855 919 1918 rerba,
935 1856 981 1905 sed
994 1855 1167 1920 cogitationen
1184 1857 1266 1908 housi-

150 1942 243 1980 reram
257 1931 384 1995 suspicis,
402 1932 449 1980 sed
466 1931 562 1996 Sejauo
572 1932 691 1982 rlctlmss
729 1945 807 1980 nurus
834 1931 898 1980 licet
920 1932 1048 1995 plerique,
1070 1947 1118 1983 nec
1139 1947 1191 1983 nou
1207 1934 1265 1997 ipse

150 2004 239 2056 carli:
254 2021 308 2056 nou
327 2007 408 2058 hores
429 2013 477 2060 aut
495 2021 603 2073 pecora,
622 2010 690 2058 sicut
731 2007 844 2071 Lipsius,
852 1999 944 2056 contra
953 2008 1111 2070 putaverint.
1120 2008 1173 2057 Sed
1182 2009 1266 2073 primo

150 2080 215 2132 ntis
235 2083 350 2148 numm,
370 2081 416 2132 sed
442 2083 514 2132 cives
536 2082 690 2148 equitesque
729 2082 752 2132 si
765 2079 1001 2144 sicessetlucit'ns
1014 2082 1265 2148 sintniverbqtam

151 2157 232 2210 Boas.
728 2158 878 2224 importuna
887 2159 1034 2224 parenthesi
1043 2173 1095 2208 uon
1103 2158 1266 2212 diremisset:

186 2240 201 2275 Ρ
218 2233 273 2292 Qau
283 2234 366 2300 who]
398 2233 430 2284 ln
450 2241 527 2285 tauta
544 2235 692 2286 delatorum
729 2236 823 2288 deiude
835 2249 884 2286 uon
896 2241 937 2286 est
956 2242 1170 2298 consentaneum,
1185 2234 1267 2286 nont,

150 2308 288 2376 pravitate
308 2310 417 2376 quilibet
435 2311 486 2361 sihi
505 2313 648 2375 metuebat,
658 2327 691 2363 ne
730 2327 791 2362 nem
802 2313 935 2363 cohabito
953 2327 1004 2377 qno
1018 2313 1129 2362 Sabinus
1141 2311 1266 2362 describi·

150 2385 176 2436 sl
187 2385 232 2435 rel
240 2399 299 2435 eum
309 2386 464 2451 intueretur,
472 2389 515 2436 sel
523 2388 693 2452 auscultaret,
732 2395 785 2449 tur,
797 2395 899 2437 tautum
912 2387 1050 2436 verborum
1062 2387 1173 2438 fundere
1189 2394 1266 2454 potu·

150 2474 205 2526 pro
213 2462 343 2525 complice
354 2469 400 2512 aut
417 2461 519 2512 t'autore
529 2463 597 2526 ejus,
608 2463 693 2513 inimi·
731 2461 790 2513 isse.
809 2463 917 2513 Freinsl.

151 2551 242 2603 eoque
263 2539 375 2588 Cesaris
398 2539 590 2604 corriperetur;
618 2545 693 2592 tauto
766 2537 999 2602 Qumeaissdiers]
1019 2539 1061 2612 Eu
1074 2537 1267 2603 eoquodvide·

117 2632 123 2642 ·
150 2627 264 2679 prore,
272 2621 303 2664 ut
312 2615 409 2679 passim
419 2613 476 2664 sora
487 2622 515 2665 et
525 2615 629 2678 itinera,
636 2616 693 2681 qui·
731 2622 791 2666 rent
798 2615 915 2667 homiues
922 2625 975 2667 tarn
985 2631 1081 2667 utemur
1089 2617 1265 2682 spectaculum

152 2691 205 2740 hus
233 2704 293 2740 reus
319 2691 474 2752 ducebatur,
497 2691 691 2756 desererentur,
731 2690 943 2754 stratonices
960 2691 1072 2758 eoquod
1091 2690 1266 2744 etsihitlm'e-

152 2767 359 2833 vastitatemque
384 2776 411 2817 et
433 2767 598 2819 solitudinem
620 2769 691 2818 exhi-
730 2775 790 2819 rent
806 2785 839 2818 ex
857 2777 910 2818 tant
930 2783 1054 2836 perverso
1074 2769 1203 2834 exemplo,
1214 2769 1266 2820 orti

153 2843 260 2893 knut
404 2867 409 2872 ·
729 2841 769 2892 llli
788 2857 921 2894 sermones
939 2844 1125 2910 spectantium,
1144 2851 1191 2894 sut
1209 2843 1266 2896 ticti

185 2925 200 2962 t
218 2919 299 2982 Fuga,
316 2919 430 2984 mdes]
447 2920 546 2971 Anctm
561 2921 625 2971 vitm
640 2922 691 2971 Lu·
730 2932 763 2970 es
782 2919 887 2984 ingenio
904 2920 974 2982 tulgi
995 2921 1022 2970 in
1042 2920 1157 2970 historie
1178 2921 1267 2986 decus,

152 2995 233 3046 cani:
250 2995 383 3048 ‘Adeunt
401 2998 530 3062 quondam
548 2998 574 3046 in
589 2997 691 3048 latrinis
732 3008 789 3062 qum
809 2995 919 3048 affectus
939 2998 1087 3049 mortalium
1105 2999 1161 3050 sola
1178 2999 1211 3050 sd
1223 3015 1266 3051 re·

153 3070 269 3136 publicis
303 3071 415 3121 clariore
447 3072 559 3136 strepitu
591 3073 691 3123 uentris
731 3088 789 3124 rum
800 3075 934 3138 exprimit.
987 3129 990 3134 ,

153 3147 260 3211 emisso,
286 3146 475 3197 hemistichium
503 3147 691 3211 Neronianum,
763 3151 836 3202 ‘Ubi
845 3152 909 3202 ister
918 3149 1097 3211 anunente]
1113 3150 1186 3200 Nihil
1196 3152 1266 3202 enim

153 3223 269 3274 mulms
289 3237 467 3273 consessorum
486 3221 557 3287 fuga,
579 3240 691 3288 pronun·
732 3229 807 3279 triste
819 3227 926 3292 publice
937 3226 1112 3290 privatimque
1124 3227 1207 3289 primo
1221 3228 1266 3278 illo

154 3298 243 3349 ussit:
259 3297 315 3348 suh
327 3299 403 3348 terris
411 3301 527 3350 tonuisse
538 3301 633 3364 putes!
731 3305 774 3353 die
794 3302 950 3367 psushcut:
969 3299 1064 3351 nedum
1083 3307 1113 3350 nt
1133 3300 1265 3364 punirent.

121 3402 124 3406 Δ
187 3376 286 3434 'Qaacl
307 3376 452 3442 tinuisseat]
484 3375 573 3427 Primo
592 3386 692 3430 metue·
731 3381 889 3431 Plutarchus
909 3379 936 3429 lu
956 3379 1058 3428 Mario:
1082 3377 1267 3440 ‘Progressus-

156 3459 228 3515 raut‚
238 3468 273 3503 ne
292 3453 477 3518 conspicerent
497 3469 580 3516 renus,
596 3460 643 3504 aut
658 3455 692 3505 ah
731 3473 784 3525 que
795 3458 895 3509 Marius
911 3455 1040 3508 Kalendis
1051 3453 1267 3518 ipsislauuarlis,

156 3529 454 3596 ipsoconspicerenturr
471 3545 505 3580 ne
516 3531 549 3581 ad
560 3547 589 3582 se
600 3547 692 3583 vocent
730 3536 804 3590 initio
816 3534 886 3596 anni,
906 3535 1012 3582 Sestum
1024 3531 1153 3594 quendam
1172 3529 1267 3580 Licini·

155 3609 316 3670 intenderet,
327 3623 360 3659 se
371 3609 446 3658 sicin
463 3614 564 3673 partem
576 3609 692 3659 criminis
731 3626 775 3661 usn
798 3609 831 3659 de
853 3621 916 3658 saso
935 3607 1016 3670 jecitz
1035 3604 1104 3671 quod
1122 3607 1151 3656 et
1170 3605 1219 3655 illis
1238 3613 1267 3656 et

155 3693 184 3736 et
194 3699 281 3750 poue
290 3687 333 3734 sel
344 3684 422 3736 inviti
433 3686 607 3736 traherentur.
639 3685 691 3736 Sed
732 3686 791 3737 urbi
812 3683 1017 3750 impendentium
1039 3683 1166 3734 malorum
1186 3681 1269 3732 masi·

156 3767 249 3826 postes
258 3761 429 3812 conscientie
440 3776 495 3811 sum
506 3760 628 3822 fidentes,
637 3777 692 3811 rur·
731 3776 802 3812 nrum
814 3761 897 3811 visunt
909 3758 1082 3824 praesagium)

41 3847 44 3853 '
155 3837 423 3890 saaseostendehsnt
431 3840 521 3902 etjam
530 3839 720 3902 metuebant.
768 3839 825 3888 Nec
836 3837 928 3886 mirum
939 3835 961 3887 si
979 3835 1089 3886 Romani
1106 3833 1175 3883 diem
1194 3832 1266 3882 illurn

156 3915 230 3979 qussi
240 3915 357 3964 criminis
371 3915 531 3970 cousdeutis
541 3915 693 3980 aliqnapri·
733 3913 856 3963 esimium
868 3911 1005 3963 habuerint
1023 3924 1038 3959 a
1059 3923 1151 3973 puna:
1170 3907 1267 3972 quippe

155 4003 226 4041 mum
238 3989 434 4041 formidassent.
732 3987 1048 4054 qniomuesdieefertos.
1082 3987 1268 4047 Senecapates

188 4065 291 4130 Nempe
311 4066 441 4130 putabant
462 4081 538 4130 posse
558 4082 617 4119 euru
639 4083 692 4118 use·
732 4067 750 4116 l.
763 4080 789 4116 v.
805 4062 1018 4114 controversiae.
1045 4059 1209 4112 ‘Accusatus
1226 4067 1268 4115 est

158 4144 295 4206 tuus,llcet
304 4143 483 4206 innocentem,
493 4142 561 4192 trahi
579 4156 596 4191 s
614 4143 692 4191 male-
732 4156 748 4192 a
775 4139 858 4190 fratre
885 4136 1028 4202 parricidii,
1059 4141 1087 4186 et
1119 4136 1266 4188 damnatus.

156 4221 221 4271 uelis
247 4220 275 4270 lu
301 4221 410 4286 crimen,
435 4225 482 4270 sut
510 4225 692 4284 ammentum
731 4215 831 4268 Diebus
847 4213 921 4266 iestis
939 4211 1172 4280 intercedentibus,
1189 4218 1266 4280 piens
