2975 4784
227 306 295 371 sot
575 322 606 367 o.
630 317 813 367 coausnru
835 317 964 368 suern
1177 322 1340 390 [numos

228 465 335 529 Simul
349 464 616 529 commonefecit:
649 467 659 495 ‘
675 458 757 546 quia
770 463 876 526 multa
888 482 979 527 rana
992 464 1196 527 subnomine
1207 462 1332 530 celebri

228 566 456 647 affigebantur,
465 565 619 628 sanxisse
628 561 841 643 Augustani
854 584 953 646 quem
962 566 1046 628 intra
1055 564 1145 627 diem
1153 564 1197 629 ad
1205 565 1335 631 Praeto-

120 674 126 683 '
227 686 295 731 rem
310 668 474 731 urbanum
489 666 700 742 deferrentur,
729 685 837 747 neque
860 665 986 729 habere
1010 668 1164 750 privatim
1186 670 1303 735 liceret
1312 669 1335 735 ι’

228 768 316 852 quod
332 789 353 831 a
363 769 686 853 maj0ribusquoque
697 767 863 831 decretum
872 773 952 846 erat,
962 776 1040 851 post
1049 774 1206 833 exustum
1216 770 1334 835 sociali

227 948 306 999 Simul
316 950 444 1011 admonuit,
461 950 522 1013 qnia
537 950 618 998 multa
629 948 715 999 insuia
725 950 775 999 sub
789 949 884 999 illustri
895 949 1022 999 vocabulo
1030 949 1174 999 &ebenum
1191 950 1218 999 iu
1230 951 1332 1015 volgus,

226 1016 345 1062 statuisse
357 1013 513 1076 Angustum,
533 1014 602 1063 intra
614 1014 684 1077 quod
702 1020 804 1076 tempus
823 1014 893 1076 apud
913 1021 1052 1076 pretorem
1071 1014 1197 1063 urbanum
1218 1015 1332 1077 depone-

227 1087 325 1141 rentur,
338 1092 427 1142 ¹neque
440 1080 553 1129 retinere
564 1079 633 1128 domi
652 1076 692 1127 lar
702 1084 788 1127 esset:
805 1080 866 1141 quod
876 1076 1020 1127 soderidur
1034 1078 1091 1128 elin
1107 1078 1180 1127 θείω
1194 1079 1332 1128 instituta

730 1220 839 1273 NOTAE

228 1334 302 1384 llorn.
314 1350 337 1383 c.
349 1338 375 1383 l.
392 1334 552 1397 Capitolinus
569 1334 637 1385 ‘luit
645 1337 670 1385 in
680 1352 712 1387 eo
722 1351 762 1385 aa·
803 1342 831 1387 ct
842 1350 959 1387 connexa
970 1336 1015 1386 illa
1032 1336 1100 1384 nella
1110 1334 1198 1383 ariole
1212 1339 1239 1383 el
1256 1332 1336 1397 delle,

227 1412 352 1473 cerdotlo‚
365 1418 392 1460 et
412 1418 493 1475 uates,
506 1420 533 1462 et
544 1415 650 1477 presul,
660 1420 687 1463 et
708 1428 761 1464 ma·
802 1418 832 1460 ut
852 1411 929 1462 facile
952 1427 1000 1476 pro
1022 1411 1116 1461 eodem
1135 1409 1200 1460 sumi
1223 1410 1334 1473 possint.

230 1486 328 1549 gistis?
802 1487 846 1538 Ita
866 1491 974 1539 mixtura
1002 1496 1141 1551 utrumque
1168 1485 1274 1547 bellam,
1304 1490 1336 1534 ut

261 1562 291 1611 ln
314 1563 430 1627 Collegio
452 1565 611 1627 pontificum,
641 1562 761 1629 pontifex
801 1580 879 1613 uuum
891 1566 984 1613 exalio
1002 1563 1123 1623 oriretur,
1143 1562 1258 1610 elidem
1279 1558 1337 1610 iera

228 1642 354 1689 maximus
377 1656 424 1704 pro
451 1642 576 1703 magistro
598 1640 659 1697 tuit,
682 1647 711 1690 ut
732 1648 762 1691 et
801 1638 890 1689 fucrit.
915 1638 1114 1704 Suntquaedum
1125 1636 1336 1686 bellaitamixta

226 1715 295 1764 inter
307 1716 434 1776 Vestales,
453 1717 580 1779 virginum
592 1716 713 1778 maxima,
732 1716 761 1765 id
799 1730 834 1765 ex
845 1716 946 1765 civibus
958 1714 1122 1776 cressonis,
1139 1722 1169 1764 ut
1177 1727 1263 1777 neque
1274 1712 1337 1763 ciri·

226 1798 277 1849 est,
288 1791 473 1854 antiquissima,
495 1806 541 1854 pro
553 1791 678 1854 magistra
699 1791 762 1841 fuit.
801 1791 838 1839 lie
853 1806 938 1855 neque
955 1797 1066 1845 externa
1082 1789 1187 1851 proprie
1206 1787 1259 1836 diri
1277 1802 1336 1850 pos·

259 1866 309 1915 Per
319 1867 456 1930 maistres]
474 1868 504 1917 lu
521 1868 631 1931 collegio
645 1868 761 1921 Quinde·
801 1868 862 1929 sint,
880 1869 926 1917 sed
943 1868 1022 1916 mista
1033 1882 1067 1917 ex
1078 1875 1198 1930 utroque,
1216 1872 1245 1915 et
1254 1867 1335 1915 etiam

227 1942 444 1993 eimvirumerant
458 1946 661 2011 presulesque-ates,
672 1942 761 2006 raugia·
800 1956 832 1992 ea
843 1945 880 1992 sic
890 1944 1007 2007 appellat
1017 1943 1134 1993 Tacitus.
1244 1942 1250 1951 '
1376 1932 1384 1943 ’

202 2020 269 2067 'lri.
302 2019 504 2089 Surelon.‚Calig.
527 2025 567 2070 22.
587 2021 762 2083 ‘Magisteria
833 2019 1124 2081 Exustsmmielidello]
1149 2019 1228 2067 Forte
1246 2018 1334 2081 lapsus

227 2095 364 2145 sacerdotii
376 2096 518 2145 ditissimus
535 2097 643 2160 quisque
662 2103 690 2145 et
709 2112 762 2145 arn·
799 2096 924 2145 memoria
939 2096 1001 2144 Tac.
1020 2096 1046 2142 in
1058 2094 1108 2142 isto
1120 2093 1235 2142 historiae
1246 2106 1335 2155 parer-

227 2169 326 2219 lritione
339 2178 367 2219 et
379 2171 525 2220 licitatione
537 2172 760 2222 maxinravicibus
800 2185 841 2233 go.
875 2170 942 2219 Nam
965 2176 1038 2219 certe
1060 2175 1153 2234 quater
1172 2175 1334 2218 exstructum

227 2244 430 2308 comparabant!
800 2254 846 2294 aut
854 2246 1025 2295 instauratum
1036 2253 1076 2295 est
1086 2243 1243 2307 Capitolium
1254 2243 1280 2294 iu
1292 2258 1335 2294 eo·

258 2320 366 2369 Sueton.
387 2320 485 2371 Domit.
504 2326 528 2371 l.
546 2322 554 2350 ‘
566 2322 723 2373 Celebrabat
734 2330 764 2373 et
800 2322 859 2371 dem
870 2324 936 2386 loeo,
946 2337 1006 2371 eum
1015 2328 1134 2371 caustum
1145 2318 1246 2369 luisset.

226 2396 252 2446 in
266 2396 366 2446 Albano
378 2398 516 2462 quotannis
527 2399 699 2463 Quinquatria
710 2400 762 2449 illi-
833 2398 927 2461 Primo,
955 2398 1112 2462 Capitolium
1139 2403 1335 2446 exstractam

226 2487 322 2531 uerum,
334 2474 374 2523 cui
387 2474 523 2537 collegium
543 2474 708 2523 instituerat:
727 2490 760 2525 ex
800 2475 948 2539 'l’ar‘quiuiie
967 2482 996 2523 et
1017 2473 1179 2524 combustum
1202 2478 1245 2521 est
1265 2472 1333 2523 bello

225 2566 276 2615 quo
289 2558 358 2599 sorte
370 2550 442 2600 ducti
459 2550 606 2615 magisterio
621 2548 760 2615 fungemur·
801 2550 871 2599 civili
880 2550 993 2613 Syllano.

226 2624 287 2675 tur.'
833 2626 949 2686 διοικῶ,
962 2622 1121 2687 Capitolium
1140 2622 1198 2684 ipse
1208 2620 1279 2684 Sylla
1294 2620 1335 2671 in·

258 2701 264 2734 ¹
281 2700 394 2751 Sunuci-ue
403 2700 549 2763 umqum]
566 2702 674 2755 Sueten.
690 2703 761 2769 Aug.
800 2700 936 2762 densauit,
954 2698 1025 2764 quod
1038 2698 1157 2747 Lutatius
1170 2697 1279 2747 Catulus
1291 2696 1336 2747 de·

226 2792 249 2823 c.
261 2780 302 2825 ul.
323 2776 477 2839 ‘Quicquid
498 2774 662 2825 fatidicorum
684 2779 760 2827 libro·
799 2774 907 2837 dicavit,
918 2782 945 2825 ct
957 2789 1052 2825 nomen
1059 2773 1203 2835 inscripsit.

227 2864 284 2898 rum
296 2850 381 2899 Greci
395 2850 535 2914 Latinique
556 2852 666 2915 generis,
685 2854 761 2903 nullis
832 2853 921 2914 Tertio,
939 2850 1115 2913 Vespasianus
1127 2848 1245 2898 restituit
1256 2849 1335 2913 Cepi·

226 2924 269 2973 uel
291 2938 379 2987 parurn
392 2924 491 2974 idoneis
503 2926 662 2989 auctoribus,
682 2930 760 2991 vulgo
798 2926 898 2987 lolium,
910 2926 978 2991 quod
991 2926 1060 2975 bello
1071 2924 1213 2975 Vitelliano
1223 2933 1332 2991 emerat,

226 2999 367 3063 serebatur,
377 3016 454 3064 supra
466 3000 516 3050 duo
528 3002 607 3051 nuilliu
623 3011 758 3056 contracta
798 3002 920 3067 idemque
931 3000 1072 3051 dedicauit.

227 3074 341 3139 undique
353 3076 494 3126 cremauit:
513 3092 543 3125 uc
563 3078 632 3127 solos
651 3080 758 3129 retinuit
832 3078 933 3138 Quarto,
944 3076 1101 3140 Capitolium
1111 3078 1265 3127 instaurarit
1278 3079 1333 3129 Do·
1433 3106 1438 3111 ·

224 3150 381 3215 Sibyllinos:
399 3154 559 3217 uusquequo,
571 3155 676 3204 delectu
688 3155 758 3206 llalll.
796 3152 928 3216 mitianus,
940 3168 999 3202 curru
1011 3168 1096 3201 rrrrsus
1108 3153 1228 3202 incendio
1244 3154 1335 3217 periis-

226 3236 263 3293 to‚
275 3230 443 3293 condiditque
453 3230 553 3280 duobus
563 3221 652 3281 forulis
664 3234 760 3285 ururutia
800 3234 850 3289 ⁸0¹,
877 3234 933 3276 tum
953 3243 1010 3277 cum
1031 3228 1133 3277 interiit
1149 3228 1334 3291 Vulmims·

225 3306 274 3355 snb
287 3306 400 3356 Palatini
409 3306 536 3370 Apollinis
547 3308 620 3357 baut!
800 3302 868 3351 lllud
888 3311 974 3352 autem
985 3304 1061 3366 longe
1073 3302 1280 3367 magnificentius
1291 3319 1335 3353 ex·

254 3380 262 3423 l
275 3380 364 3430 Socialt
373 3380 443 3444 dedo]
455 3381 524 3433 Quid
536 3382 572 3431 ais
583 3384 591 3430 1
604 3384 693 3432 sociali
706 3384 759 3433 Ire·
799 3380 895 3428 struxit
909 3380 1082 3445 Domitianus,
1094 3396 1169 3445 quarn
1180 3388 1259 3429 antea
1270 3379 1333 3431 tuis

224 3448 523 3521 lico'bclloCapitoliunr
535 3455 673 3521 flagravit?
698 3461 759 3509 Nou
799 3461 848 3515 sel,
868 3455 1049 3519 impenditque
1060 3458 1086 3505 in
1104 3456 1166 3505 illud
1188 3471 1253 3520 opus
1270 3457 1335 3506 druo-

121 3554 122 3557 ¹
226 3532 298 3593 alios,
307 3532 352 3580 sed
365 3540 401 3595 te,
412 3533 437 3579 in
450 3540 477 3581 te
488 3534 596 3597 advoco,
613 3536 656 3598 qui
668 3537 760 3587 scribis
799 3529 882 3579 decim
892 3530 971 3579 millia
982 3532 1146 3582 talentorum.

226 3602 327 3655 Histoe.
345 3607 362 3655 l.
375 3620 418 3656 ιιι.
438 3614 445 3637 ‘
459 3610 615 3672 Capitolium
635 3608 759 3675 flagrasse
831 3606 862 3654 ln
875 3606 913 3654 his
925 3607 1049 3669 parergis,
1067 3622 1126 3670 qua».
1138 3622 1170 3655 ox
1181 3614 1272 3655 vetere
1282 3606 1333 3655 luis·

227 3680 258 3731 l...
276 3680 408 3744 Scipione,
420 3684 449 3732 C.
465 3686 587 3735 Norbano
599 3687 680 3738 eous:
710 3687 759 3737 At.
800 3684 867 3732 turia
886 3689 1048 3747 repetuntur,
1068 3682 1136 3733 forte
1155 3698 1208 3733 nou
1219 3684 1282 3732 satis
1294 3689 1333 3732 ab

225 3758 270 3823 qui
283 3766 344 3807 tunc
354 3758 453 3819 jamdiu
471 3762 583 3821 positum
596 3763 692 3811 sociale
704 3762 759 3811 bel·
799 3760 884 3809 tendit
895 3760 1020 3809 Tacitus:
1039 3760 1084 3808 aed
1098 3760 1152 3807 lraec
1165 3758 1282 3821 suppleri
1293 3756 1333 3806 fa·

225 3835 286 3885 lum.
321 3832 422 3883 Tullius
434 3835 483 3883 tibi
503 3836 565 3883 licet
580 3837 658 3897 adsit,
678 3852 693 3886 a
706 3853 758 3887 me·
799 3836 857 3897 ciis,
868 3843 912 3885 ant
923 3834 1049 3898 explicari
1063 3841 1180 3899 possunt.

225 3912 313 3960 mosim
327 3910 389 3958 uitio
404 3925 454 3958 non
467 3918 581 3961 excuset.
616 3912 689 3961 Ciuili
699 3913 758 3963 bello
833 3912 931 3959 Dclroc
940 3909 983 3960 lib.
994 3910 1099 3975 Sibylla.
1108 3912 1278 3969 deliberatum
1289 3914 1351 3958 est·

224 3988 358 4052 scripsisse
371 3988 473 4037 omnino
485 3997 510 4038 te
522 4004 555 4037 ex
566 3988 673 4039 historia
684 4004 758 4053 opor-
798 3988 824 4036 ia
835 3996 936 4049 uenatu,
945 3988 1014 4052 quod
1022 3987 1116 4049 disces,
1125 4004 1192 4037 anuo
1200 3994 1225 4037 l.
1242 3987 1334 4051 Olym-

174 4124 184 4137 ·
226 4062 287 4113 tuit.
303 4064 410 4127 Lipsius.
618 4108 620 4113 ,
799 4063 948 4125 pladisuua.
961 4062 1335 4113 Romaecondirae⁷e⁵.curir·

257 4138 547 4207 Esurtworociulidello]
573 4138 759 4205 ltspermixta
799 4138 1332 4202 titu.etimperiilitrerillu.adle19.
