2975 4784
157 353 300 417 unos]
520 347 725 398 aunarius
750 349 823 398 nra.
847 351 898 400 rr.
1024 281 1029 286 -
1202 334 1269 406 747

660 489 770 541 Nom

160 640 320 705 compton
340 636 545 698 suintilanis
561 637 646 688 muts
659 637 697 687 rei
735 637 817 688 Simul
833 636 952 688 laudibus
963 637 1085 703 Sejsuum
1096 636 1198 702 extulit,
1209 643 1267 688 tsn.

155 717 331 782 padue-tur:
355 720 384 764 et
402 713 436 762 sil
455 711 578 776 OErlipnm
596 713 697 774 relegat
735 729 811 781 quarn
822 715 911 766 labore
922 716 1107 781 vigilantiaque
1118 715 1185 780 ejus,
1193 721 1268 766 tants

160 792 367 842 uosl’intiauus.
405 789 439 839 lu
449 789 697 854 msunserlptolegi,
736 791 774 840 ris
785 791 1069 842 nnumintrsdamuum
1082 793 1205 844 stetisset.
1230 793 1266 843 Et

154 869 420 934 munitaque
434 880 493 915 rum
505 866 696 914 asseveratione
735 882 861 918 cenarem
872 875 959 932 putres
971 866 1080 932 effigiem
1091 869 1195 933 Sejsno,
1208 883 1266 935 qurs

158 945 281 1006 emendo,
300 959 332 994 ss
351 947 428 992 ssorte
448 941 485 990 rei
502 939 695 1005 prohiberentur.
735 941 805 1008 apud
827 943 958 993 tircstrutu
980 941 1099 1008 Pompeii
1119 942 1266 994 locaretur!

157 1021 260 1071 Probat
282 1022 339 1084 ipse
356 1020 466 1080 Seneca,
484 1017 588 1067 statim
616 1019 696 1068 ‘Fies
734 1019 810 1070 Tuue
829 1019 896 1070 distr
916 1019 1063 1070 Cremutius
1075 1018 1143 1083 quod
1155 1019 1266 1070 haustor

158 1097 228 1162 qaod
242 1111 390 1162 quenquam
399 1101 500 1145 tuorum
513 1092 577 1142 mori
587 1105 695 1142 necesse
734 1094 805 1158 apud
815 1095 940 1144 Senecam
951 1111 957 1144 r
969 1101 1025 1144 tum
1035 1108 1098 1144 rere
1105 1094 1185 1158 perire
1195 1095 1266 1145 thes·

157 1170 227 1221 tutet
245 1187 322 1235 piene
333 1186 384 1220 nou
395 1168 490 1219 licuit.'
522 1168 629 1232 uptiis.
734 1175 803 1220 uum
814 1170 880 1219 illud
893 1167 1020 1234 Pompeii.

190 1247 267 1297 Dicit
273 1247 422 1310 xiphilinus
433 1260 465 1295 ex
475 1243 578 1293 Dioue‘
590 1256 695 1295 manum
766 1255 776 1281 ¹
791 1249 876 1298 libros
887 1263 933 1314 per
948 1247 1051 1312 AErts‘tes]
1068 1247 1149 1311 Alias,
1169 1245 1196 1296 id
1218 1261 1267 1314 per

156 1320 206 1372 silsi
227 1319 332 1372 afferre’
353 1327 482 1372 eoactum.
516 1317 594 1371 Quod
605 1333 695 1370 rerum
732 1323 889 1376 'triumviros
911 1323 1018 1374 tactum.
1061 1321 1093 1372 ln
1115 1322 1170 1371 vlts
1190 1311 1266 1388 Agri

156 1399 308 1460 etiamst,
325 1412 385 1447 uam
401 1411 460 1446 cum
471 1395 618 1446 Cremutius
629 1395 694 1445 cur·
733 1401 817 1450 coln:
831 1399 980 1464 ‘Delegato
990 1397 1140 1449 ‘triumviris
1152 1397 1268 1449 ministe-

157 1475 205 1524 um
215 1475 324 1540 injustis
334 1472 545 1523 accusationibus
557 1469 666 1534 petitus,
678 1483 693 1519 a
733 1476 781 1540 rto,
792 1484 821 1527 ue
836 1484 1002 1528 monumenta
1017 1476 1215 1526 clarissimorum
1226 1465 1265 1526 inss

155 1549 267 1616 Sejsno‚
289 1549 471 1600 consentiente
491 1547 606 1610 liberio,
627 1545 694 1596 morl
732 1550 866 1614 geniorum
885 1552 911 1602 iu
929 1551 1034 1602 comitio
1049 1567 1079 1601 sc
1092 1549 1265 1604 lorourereu·

155 1632 264 1678 coactos
290 1626 334 1688 sit,
353 1623 406 1675 cibi
423 1623 589 1685 abstineutIa,
605 1622 639 1673 ob
656 1623 694 1686 id,
733 1626 795 1675 tur!
813 1626 884 1676 Alias
895 1642 941 1692 per
953 1628 1110 1678 Prretorem.
1126 1627 1262 1679 Valerius:

152 1703 224 1768 jure,
236 1703 286 1753 sibi
306 1716 395 1751 manns
409 1701 538 1763 attulisse,
554 1707 633 1766 stque
649 1713 692 1750 oe·
730 1701 860 1753 ‘tirsioos
884 1705 975 1754 Numa
997 1703 1078 1754 libros
1100 1703 1130 1754 L.
1142 1702 1265 1756 Petillios

153 1777 302 1830 cisumtlici
312 1779 408 1844 potuit.
730 1777 834 1828 Praetor
854 1779 973 1829 Urbanus
995 1793 1028 1828 ax
1045 1779 1202 1830 auctoritate
1218 1780 1263 1830 Se·

188 1855 268 1906 ubet
287 1861 422 1918 anuotsre,
442 1851 555 1903 cordum
572 1851 691 1903 historia·
729 1861 816 1914 uatus,
826 1867 875 1917 per
882 1855 1058 1918 victimarius,
1073 1855 1132 1919 igue
1143 1853 1225 1921 iacto,
1236 1856 1264 1906 lu

155 1946 214 1981 rum
234 1931 399 1994 scriptorem,
417 1928 515 1992 dequo
528 1926 690 1991 Capitolinus
730 1937 873 1994 conspectu
886 1931 975 1994 populi
987 1929 1131 1980 cremavit!
1159 1929 1263 1981 Primus

155 2005 183 2055 iu
197 2005 339 2057 Gordianis
356 2003 483 2067 meminit,
500 2002 580 2052 allum
598 2003 690 2052 acre·
730 2003 904 2054 Romanorum
923 2005 989 2054 hanc
999 2003 1096 2067 ingenii
1108 2003 1147 2052 sul
1160 2017 1264 2069 poeuasn

154 2080 237 2132 mutio
256 2081 343 2132 cordo
361 2079 458 2142 inbse3
474 2079 497 2128 is
508 2077 577 2128 euim
594 2075 689 2129 lunius
730 2078 958 2130 snblltLabienns.
990 2079 1059 2126 Vide
1068 2078 1178 2143 pulchra
1193 2079 1262 2143 apud

155 2157 257 2208 Cordus
269 2156 426 2222 sppetiatus.
728 2155 855 2207 seucum
872 2164 986 2220 petrem,
1001 2156 1020 2206 t.
1036 2169 1064 2206 r.
1082 2160 1201 2206 controv.
1215 2155 1263 2206 inl·

190 2231 275 2282 Vitare
292 2229 448 2293 dmin]
464 2229 565 2278 Seuees
580 2227 608 2277 ia
622 2227 689 2277 Cou-
729 2231 774 2283 tio.
807 2231 913 2295 lipsius.

153 2307 282 2358 solatione
297 2305 331 2355 etl
350 2305 492 2354 Marciam:
509 2301 601 2353 ‘Quid
617 2299 689 2350 sace·
762 2307 812 2356 Per
821 2309 912 2358 AEdiies
922 2307 1068 2373 annosior]
1081 2307 1215 2373 intellige,
1224 2309 1263 2360 tn.

155 2386 215 2436 reti
230 2384 253 2434 si
271 2384 359 2433 virere
369 2380 459 2443 vellet,
471 2379 579 2444 Sejanus
597 2389 689 2440 rogau-
729 2381 889 2432 traurbem2
906 2379 968 2432 fort,
985 2391 1071 2440 quem
1089 2397 1138 2446 per
1153 2383 1263 2447 puseo.

154 2461 201 2510 rlos
213 2467 287 2510 erat:
306 2459 328 2508 si
345 2457 422 2520 mori,
438 2455 508 2505 tilla:
526 2459 639 2518 uterque
651 2453 689 2501 ln·
730 2463 770 2506 tos
788 2457 933 2520 civitatum,
944 2465 988 2506 aut
1009 2459 1211 2522 provinciarum,
1223 2461 1263 2509 utl

154 2534 301 2585 exonbilis.
333 2529 574 2582 Constituitfiiiam
588 2526 689 2598 fellere,
728 2531 919 2596 Dioscriptum
939 2531 1054 2597 reliquit,
1073 2531 1200 2584 turm.
1217 2545 1263 2581 ex·

153 2611 224 2663 llsus
242 2612 332 2675 itaque
343 2606 447 2668 balneo,
464 2612 494 2656 et
511 2619 562 2671 qno
573 2603 632 2668 plns
642 2602 689 2652 lm-
729 2613 822 2658 tremo.

153 2695 276 2753 poneret,
295 2687 321 2735 iu
339 2684 486 2736 cubiculum
498 2695 537 2745 se,
546 2681 619 2746 qussi
630 2694 688 2744 gua·
759 2682 860 2732 Seneca
871 2682 897 2732 iu
908 2679 1012 2747 praelat.
1024 2681 1042 2731 t.
1052 2695 1091 2734 rr.
1105 2681 1262 2733 eonuovn·

153 2773 267 2824 taturus,
276 2760 404 2813 contulit:
422 2766 450 2808 et
467 2756 581 2807 dimissis
592 2757 689 2822 pueris,
727 2759 823 2809 siarum
844 2759 871 2809 lu
894 2759 1046 2821 labienum,
1057 2761 1101 2826 qul
1119 2765 1147 2810 et
1166 2761 1260 2811 lisble·

153 2839 275 2906 quadam
293 2853 342 2903 per
355 2837 504 2896 fenestram,
514 2839 545 2884 nt
555 2833 688 2884 rideretur
727 2849 793 2886 uns:
819 2835 873 2886 ‘Iu
890 2837 960 2887 huuc
983 2837 1092 2902 primurn
1112 2839 1261 2902 excogitata

153 2915 250 2979 edisse,
275 2913 393 2980 projecit.
434 2910 458 2960 Α
481 2923 556 2960 eoeus
582 2908 688 2971 deinde,
727 2919 769 2962 est
787 2927 854 2962 nora
870 2927 964 2978 poena:
990 2911 1111 2964 effectum
1131 2919 1172 2964 est
1191 2915 1260 2966 enlm

153 2991 228 3058 quasi
243 2990 300 3056 jam
317 2988 379 3039 satis
397 2987 424 3036 lu
442 2985 565 3035 cubiculo
580 2984 687 3046 edisset,
726 3001 775 3052 per
786 2989 1044 3053 iuirnicos,utorunes
1057 2990 1112 3054 ejus
1124 2988 1182 3038 libri
1192 3003 1261 3040 com-

153 3066 296 3118 abstinuit:
333 3064 468 3127 alteroque
493 3060 536 3109 dle
556 3064 585 3109 et
604 3060 686 3108 tertio
727 3065 893 3117 burel-entur,
932 3067 984 3116 Res
1005 3081 1080 3130 nova,
1101 3067 1129 3117 e't
1149 3067 1261 3130 insueta.

152 3143 222 3194 idem
233 3139 309 3191 fecit.
341 3139 443 3191 Qnsno
461 3137 519 3200 ipss
533 3134 686 3186 infirmitate
725 3141 856 3206 supplicia
882 3141 915 3190 de
943 3142 1035 3191 studiis
1063 3141 1138 3191 euml.
1176 3142 1260 3204 Bous,

151 3217 269 3282 eorporis
301 3214 418 3266 ludebat
442 3211 687 3262 iudicium—com·
724 3216 823 3275 hercle,
835 3215 951 3279 publico,
968 3217 1020 3265 ists
1036 3215 1062 3264 in
1081 3229 1170 3279 preuss
1186 3215 1258 3279 luge-

152 3295 248 3360 plexus
280 3293 372 3358 itaque
404 3295 441 3356 te,
475 3288 616 3347 multas,
647 3288 686 3336 ia·
726 3291 799 3342 uiosa
816 3291 1038 3356 crudelitas‚post
1054 3293 1206 3342 Ciceronem
1222 3293 1260 3342 iu·

151 3370 218 3438 quit,
226 3367 291 3427 filis,
310 3374 338 3417 et
355 3367 405 3416 troc
424 3378 503 3414 unum
524 3369 582 3413 tota
603 3363 687 3414 eelsta
725 3373 805 3418 rents
816 3373 866 3417 est.
900 3367 971 3420 outo
988 3367 1057 3418 euim
1073 3365 1188 3418 tlrturnus
1200 3368 1260 3434 tuti,

150 3447 217 3507 sits,
226 3447 280 3495 tter
289 3443 380 3494 mortis
390 3443 520 3507 ingressus
530 3455 595 3504 sam,
605 3440 685 3490 etlam
726 3445 749 3494 si
782 3444 937 3494 Triumviris
971 3444 1090 3494 libuisset
1126 3443 1259 3508 ingenium

151 3521 267 3572 aredium
286 3519 346 3571 iere
365 3527 452 3569 teneo.
489 3517 624 3568 lleroesre
642 3529 685 3573 ute
727 3520 861 3570 Ciceronis
891 3518 1085 3583 proscribere?
1118 3521 1153 3570 Et
1179 3523 1258 3585 paulo

150 3613 200 3649 nee
223 3597 315 3660 debes,
336 3609 387 3645 nee
413 3600 498 3658 potes.
537 3591 627 3658 Atque
648 3592 688 3642 ita
725 3601 800 3659 post:
817 3594 955 3660 ‘Ejnsqrri
971 3595 1037 3645 isac
1055 3595 1083 3645 ln
1099 3595 1198 3661 scripta
1209 3597 1258 3647 La·

150 3675 238 3724 lumen
251 3687 328 3723 omne
342 3671 468 3737 preelecti
481 3670 571 3737 jussit,
582 3675 610 3719 et
620 3683 649 3719 sa
658 3669 685 3718 lu
726 3671 798 3722 bleui
815 3671 971 3721 seutentiam
988 3671 1101 3737 eliserat,
1118 3679 1211 3736 postea
1221 3673 1259 3722 ri·

150 3749 411 3802 mebriswudtoit:
726 3752 812 3802 sentis
823 3750 906 3800 adhuc
921 3750 1019 3815 scriptu
1029 3751 1164 3802 combusta
1179 3757 1257 3802 snut:

183 3826 289 3890 finiuit]
305 3827 391 3876 Causa
405 3824 521 3875 criminis
540 3823 686 3887 repetentis
721 3825 778 3890 jam
790 3841 840 3877 nou
851 3827 919 3877 malo
930 3827 1059 3891 exemplo,
1069 3827 1128 3892 quis
1136 3826 1199 3876 suo!

149 3911 192 3956 est
208 3917 241 3953 ex
257 3905 277 3953 l.
289 3916 333 3953 ιιι.
342 3906 385 3953 ts.
401 3902 457 3952 ‘At
472 3900 593 3965 Pompeii
613 3900 685 3950 thes·
758 3905 829 3956 Suet.
840 3903 867 3952 iu
876 3903 959 3965 cattg.
970 3902 1042 3952 ‘Titi
1052 3902 1170 3964 Labieni,
1179 3901 1258 3952 Cordi

150 3973 298 4045 trom‘igne
319 3978 429 4029 fortuito
447 3978 577 4040 lssustum,
595 3975 685 4026 Cesar
724 3979 1056 4040 cremutii,cassiisereri
1067 3975 1259 4042 seriptnseus·

150 4064 345 4109 exstructurum
361 4054 494 4120 pollicitus
507 4059 557 4117 est,
572 4053 684 4118 eoquod
723 4054 891 4105 tusconsultls
913 4051 1020 4112 abolita,
1040 4051 1144 4117 requiri,
1154 4058 1183 4107 et
1199 4067 1257 4106 esse

149 4149 227 4197 mino
246 4149 261 4184 a
278 4131 379 4182 familis
398 4129 569 4180 restsursutto
584 4129 685 4180 snfllee·
723 4131 750 4180 in
762 4127 1069 4192 munibus,lcctitsrtqua,
1080 4127 1215 4191 permiste:

151 4218 201 4274 ret,
211 4213 431 4264 mueutstanes
441 4205 545 4256 nomiae
558 4205 684 4268 Pompeii.
756 4207 765 4240 ⁸
781 4203 1054 4270 cmmdueesssers]
1067 4203 1120 4254 Sed
1136 4203 1204 4258 torn
1217 4213 1257 4259 ts·
