2975 4784
157 333 316 406 natat
508 333 718 386 sursulus
744 337 819 386 urs.
844 337 900 387 xl.
1181 325 1268 392 lost

157 473 431 557 starisnnrsntus,i
444 479 478 543 et
497 476 668 564 Appianae
693 481 799 548 coedis
819 477 967 546 molitos*
991 479 1186 562 Narcissus,
1206 483 1266 547 lia·

155 641 228 690 cissss
246 641 288 706 psi
307 640 387 706 Appio
409 642 494 694 Silano
513 659 592 695 secem
605 651 743 713 porcum,
754 652 777 697 et
797 646 889 712 Polior,
903 646 943 710 qai
957 651 1009 696 tam
1026 647 1139 710 temporis
1160 646 1267 696 manne

668 791 775 843 NO'l'AE

161 894 292 960 iiprrclso,
312 898 540 965 occultustauseu,
562 906 693 966 utputo:
735 904 814 954 etism
834 903 904 955 torte
923 902 1058 966 consultis,
1084 905 1112 950 et
1142 901 1270 953 societate

160 985 220 1038 nam
251 971 357 1024 Cassius
379 973 489 1024 Chaerea
511 983 539 1026 et
560 977 695 1028 Cornelius
735 981 792 1044 ejus
802 996 862 1030 cum
878 981 919 1030 his
930 981 976 1045 qni
987 979 1103 1030 odissent
1114 977 1216 1044 mum,
1226 991 1270 1028 su·

158 1043 268 1097 Sabinus
286 1047 412 1099 militares
427 1050 477 1102 viri
502 1051 602 1102 cadem
620 1067 695 1118 pere·
735 1063 780 1106 tea
789 1056 931 1120 scripserat
940 1054 1060 1106 Tacitus.

160 1134 232 1187 8⁸¹⁰·
769 1132 884 1196 Cauris]
899 1127 1272 1196 1ege,veltntelttge,c.ce

188 1201 289 1254 tetrae
304 1217 383 1254 secem
397 1203 501 1256 Caturia
510 1207 635 1274 nomm]
662 1209 694 1260 C.
734 1206 809 1257 saris.
837 1206 983 1270 Culigulum
992 1205 1272 1270 iutelligitcujuscss·

161 1277 271 1328 Caesaris
289 1280 432 1346 Caligulas
450 1283 523 1347 cujus
543 1285 614 1334 necis
634 1299 695 1336 cou-
734 1281 776 1332 dis
799 1283 918 1332 conscius
936 1281 1068 1333 Callistus.
1106 1281 1176 1331 Vide
1197 1279 1272 1333 Jose·

158 1354 226 1404 scius
245 1356 430 1422 particepsque
449 1357 500 1409 fuit
518 1359 561 1410 hic
576 1361 696 1428 libertus,
735 1359 826 1423 plnum.

159 1438 282 1482 narrante
292 1433 408 1498 Joseplso
420 1446 481 1486 xlx.
493 1439 517 1486 l.
534 1435 635 1487 scilicet
651 1450 696 1487 su·
768 1432 781 1468 ¹¹
795 1435 915 1499 Appiano
924 1433 996 1484 sedis
1005 1431 1112 1497 molitor]
1122 1431 1193 1482 Vide
1206 1429 1272 1482 Sue·

160 1508 224 1570 tem,
245 1507 366 1560 Tacitum
385 1506 435 1558 hoe
447 1524 566 1560 narrasse
583 1511 695 1564 inlibris
736 1515 793 1561 ton.
812 1525 872 1574 cap.
884 1509 963 1574 talu
981 1509 1055 1572 cujus
1066 1507 1170 1567 serbis:
1191 1507 1269 1559 ‘Nec
1365 1504 1367 1507 ’

161 1582 250 1648 quide
262 1584 389 1650 caligula.
412 1585 520 1650 lipsius.
735 1589 819 1638 multo
833 1593 892 1654 post
909 1601 942 1638 ex
961 1586 1107 1650 composito
1126 1585 1273 1650 irrumpere

191 1656 229 1708 Ao
247 1659 464 1724 prs'squullr'stss]
494 1661 695 1726 Pallas‚Callls-
733 1663 836 1728 Appius
852 1663 1001 1726 nunciatus,
1022 1661 1066 1712 cui
1085 1661 1172 1726 pridie
1191 1661 1225 1712 ad
1243 1660 1272 1711 ld

160 1735 212 1798 tus,
220 1741 249 1785 et
259 1735 408 1798 Narcissus,
418 1739 426 1765 ¹
436 1751 499 1802 qnos
510 1753 592 1802 penes
604 1746 696 1804 poten·
735 1740 860 1805 temporis
871 1747 902 1790 ut
909 1740 1015 1792 adesset
1026 1746 1190 1804 preceptum
1199 1745 1271 1788 erat:

161 1813 204 1877 tia,
213 1819 250 1876 et,
262 1813 283 1864 sl
291 1826 331 1863 res
341 1819 487 1878 verterent,
497 1811 626 1880 formido,'
636 1831 695 1882 cog·
736 1817 809 1880 quasi
827 1816 904 1881 plene
921 1821 1156 1880 representaretm
1180 1814 1274 1865 tomuli

159 1889 215 1938 ulto
227 1887 386 1940 lilessallinoe
398 1888 522 1955 facinore,
531 1891 642 1955 primurn
659 1893 696 1942 lu·
735 1889 812 1955 fides,
821 1892 922 1941 accersi
938 1892 1038 1954 statim,
1056 1903 1088 1940 sc
1108 1889 1173 1940 morl
1183 1889 1273 1954 jtnsus

161 1969 201 2013 ter
223 1978 251 2014 se
272 1966 462 2029 consultante,
478 1979 512 2015 en
533 1967 696 2019 retraherent
736 1966 804 2027 est;'
816 1965 861 2016 sed
876 1966 972 2016 menda
983 1972 1033 2016 est.

161 2041 338 2092 Messalllnsm
359 2042 393 2091 ab
407 2042 460 2092 illo
479 2043 584 2107 perdito
596 2057 696 2108 amore,
769 2041 905 2094 ttooeoim
917 2041 1016 2092 accersi
1023 2039 1143 2105 jubetur,
1154 2039 1198 2105 qui
1214 2039 1273 2103 jam

160 2115 239 2183 idque
258 2117 376 2169 minaciis
398 2119 507 2170 intentis
532 2119 566 2172 de
587 2127 644 2172 tota
667 2135 696 2174 re
737 2117 845 2168 aderat?
868 2118 930 2169 Nou
952 2113 1022 2181 fugit
1040 2113 1214 2177 Torrentium,
1229 2113 1274 2178 qui

161 2193 273 2244 Claudio
289 2191 489 2244 manifestanda.
737 2211 772 2246 ex
791 2195 863 2246 libris
880 2195 956 2260 legit,
973 2195 1071 2258 cressi,
1086 2207 1134 2258 pro
1146 2190 1274 2256 accusari,

192 2269 244 2320 sed
267 2270 457 2336 animadverso,
478 2285 530 2322 nou
549 2272 608 2323 leve
625 2273 696 2326 illiue
736 2277 768 2320 ut
779 2272 979 2336 interpretetur.
1012 2269 1165 2320 Mihiorcen'
1184 2281 1273 2318 verum

160 2345 315 2410 periculum,
330 2347 448 2410 postilla
467 2346 624 2413 disceptant,
634 2363 696 2401 num
736 2347 873 2397 rideatur:
886 2353 916 2396 ut
925 2347 1057 2396 undosum
1066 2361 1125 2396 eum
1136 2343 1273 2395 aclaudio

160 2421 246 2486 potius
256 2421 292 2471 sit
302 2437 359 2472 eam
371 2423 440 2487 apud
449 2423 571 2474 maritum
581 2424 695 2478 deferre.
736 2421 920 2487 intelligemus,
938 2437 988 2472 uec
1010 2415 1159 2472 admissum·
1193 2421 1275 2470 irau-

162 2496 309 2546 Verum'et
325 2497 384 2546 hinc
398 2498 524 2562 periculis
541 2499 697 2551 imminenti·
738 2499 888 2562 scripserim
913 2498 1001 2561 etism,
1028 2497 1114 2560 moeri,
1138 2512 1167 2545 no
1189 2495 1273 2545 notin

161 2571 218 2634 bus,
236 2571 327 2623 Pallas
344 2577 372 2622 et
390 2573 513 2625 Callistus
534 2576 612 2625 missa
629 2584 698 2628 ntra·
737 2577 808 2625 ssori.
842 2575 987 2626 Historiam
996 2580 1060 2639 pete
1071 2587 1087 2622 a
1098 2569 1273 2635 Dioueln'ps.

161 2661 211 2713 qne
223 2646 333 2711 fuciunt,
344 2647 452 2698 diversis
463 2649 496 2700 ds
507 2651 600 2702 causis.
770 2648 901 2714 Appiano]
917 2650 997 2715 Apud
1014 2650 1122 2700 sueton.
1136 2648 1234 2712 ιιειτεί,
1244 2663 1274 2699 oe
1318 2658 1323 2665 ·

193 2721 232 2772 At
249 2723 389 2773 Narcissus
401 2722 519 2787 persistit
532 2726 559 2774 in
572 2725 698 2788 posterio-
737 2727 822 2775 actim
837 2726 899 2775 seori
908 2725 990 2785 ism
1000 2729 1047 2790 est,
1057 2724 1157 2776 accersi
1179 2739 1275 2788 nempe

160 2797 234 2849 ribus
245 2799 369 2860 consiliis,
381 2799 483 2848 scillcet
497 2799 525 2848 in
539 2801 697 2866 «remotione,
737 2799 766 2850 iu
776 2799 925 2851 cubiculum
937 2801 1058 2866 Casuris,
1068 2799 1220 2852 Mauritius
1231 2815 1275 2851 co·

162 2889 213 2924 uuo
231 2881 332 2924 tantum
350 2873 505 2925 immutato:
522 2876 570 2925 hoc
585 2883 635 2939 est,
652 2877 697 2927 de·
737 2891 803 2941 ram,
814 2884 843 2928 et
860 2877 985 2928 Narcisso
1005 2878 1174 2942 delatoribus,
1185 2893 1216 2928 sc
1235 2893 1274 2929 se

161 2951 270 3002 ednavit
292 2951 469 3001 Messallinam
486 2959 641 3016 pervertere
658 2969 697 3006 se·
737 2954 844 3015 tellltio,
861 2953 908 3003 uisi
924 2955 1015 3006 stetlm
1032 2955 1096 3003 mori
1117 2955 1206 3016 jussus
1223 2962 1275 3018 est,

164 3035 238 3078 creta
250 3027 390 3079 deletione.
739 3029 1274 3096 tunquamscelerismnnifestus,ntsupra

193 3105 292 3155 veroin
312 3105 454 3169 enimvero,
470 3121 588 3171 quaenam
606 3107 698 3158 horum
736 3106 861 3155 Valerius
874 3104 1015 3154 nanticus.

161 3180 255 3244 supina
271 3179 381 3231 stultitia
395 3181 480 3244 (diest
500 3181 604 3247 aliquis)
622 3183 697 3234 minis
770 3179 815 3228 Sic
836 3180 906 3230 iutra
929 3179 1033 3228 domum
1056 3178 1182 3230 seviebat
1199 3180 1276 3231 Clau·

161 3269 219 3306 eam
229 3269 335 3320 sperare
346 3255 379 3306 ab
391 3255 542 3305 amoreSilii
551 3256 697 3316 deterrere,
738 3253 806 3307 dius.
818 3254 895 3306 Quod
905 3252 1034 3318 flagitium
1046 3260 1182 3305 eversatur
1201 3256 1274 3306 Nero

161 3332 205 3382 cul
222 3331 287 3382 adeo
303 3332 362 3381 vilis
374 3329 493 3394 maritus,
505 3335 535 3380 ut
545 3331 650 3396 nuptias
670 3331 697 3382 in
737 3329 917 3383 intrarunt.
932 3334 941 3359 ⁸
955 3331 1016 3381 Non
1033 3332 1102 3380 euim
1117 3345 1146 3381 se
1157 3331 1276 3395 negotio·

163 3409 303 3474 propatulo
314 3408 447 3459 celebrare
459 3408 493 3458 sit
504 3410 584 3458 ausa?
737 3421 795 3456 rum
806 3408 919 3457 omniurn
932 3405 1051 3472 judicem
1060 3405 1128 3469 fore,
1139 3413 1168 3456 ut
1178 3408 1274 3458 clausis

195 3485 350 3549 Respondet
370 3499 419 3549 pro
440 3497 482 3533 me
507 3483 643 3534 Suetonius
669 3485 696 3535 in
737 3497 814 3534 uuam
826 3484 895 3536 iutra
913 3482 1016 3532 domum
1030 3483 1226 3533 accusatoribus
1247 3489 1275 3535 et

163 3567 255 3619 Claud.
266 3571 309 3617 29.
320 3567 460 3631 docetque,
470 3565 502 3615 ad
517 3566 639 3615 maritum
649 3563 697 3614 fol·
737 3561 798 3623 reis,
808 3575 950 3625 paucorum
964 3559 1080 3625 potentia
1093 3554 1273 3623 grassaretur)

161 3639 330 3694 leudnmuon
346 3657 403 3692 esru
423 3655 524 3690 omnem
538 3646 697 3706 praetextnm
781 3637 862 3687 liene
887 3637 921 3686 ad
943 3635 1015 3686 fores
1038 3637 1129 3700 pflatii
1150 3637 1274 3688 madebat

162 3717 238 3770 flocci
250 3718 359 3768 fecisse:
371 3717 379 3746 ‘
392 3716 461 3766 Nam
472 3716 537 3766 illud
554 3729 657 3766 omnem
667 3716 697 3765 fi·
737 3712 855 3778 Appium
874 3711 914 3763 cai
930 3713 1010 3777 psidie
1026 3717 1054 3762 st
1074 3714 1105 3762 od
1121 3715 1149 3762 id
1163 3713 1275 3776 temporis

163 3793 222 3842 dem
244 3793 395 3857 excesserit,
424 3790 493 3857 quod
512 3791 612 3855 nuptiis
633 3806 697 3856 quas
737 3790 828 3838 meos
843 3793 988 3853 preceptum
1008 3793 1068 3839 not.
1099 3789 1193 3839 Statim
1210 3802 1275 3838 uun·

163 3863 698 3932 Messalliuacumsdulterosllloiecerat,
738 3865 819 3915 tiator
839 3865 947 3914 Claudio
965 3865 1121 3927 irrumpere,
1132 3862 1274 3914 accersitur

163 3943 350 3995 tabellssdotis
369 3950 397 3993 et
412 3942 469 4008 ipse
485 3943 696 4010 consignaverit,'
739 3937 766 3990 in
777 3939 935 4002 cubiculum,
953 3939 1099 4002 damnatur,
1109 3942 1136 3987 et
1148 3938 1214 3986 mori
1231 3938 1274 4004 ju.

164 4026 214 4071 lec.
237 4020 378 4072 Soiinen'ss.
738 4015 825 4068 betur.

198 4097 321 4162 Collinae,
341 4099 382 4162 ξι.
410 4095 534 4160 unctu]
577 4097 618 4146 De
644 4097 699 4163 ejus
771 4089 978 4156 Appiomcedis]
998 4061 1274 4152 Excompositoiuter

164 4173 276 4239 ingenio,
298 4173 393 4238 indole,
415 4171 530 4239 fortuna,
557 4171 651 4238 gratia,
670 4179 698 4226 et
738 4159 1272 4231 dollseuscelerissrtitioesprldiesdssse
