2975 4784
146 324 283 411 ausa]
504 336 715 390 tuuantuu
745 340 820 392 nra.
842 340 893 394 rr.
1182 332 1284 401 925..

149 486 351 563 Muranum,
364 481 515 569 plerique
528 484 756 550 meminerant.
800 486 957 561 Exnemo
971 489 1048 555 anni
1062 508 1152 557 mors
1164 491 1248 559 AElii

149 588 301 655 tante·
314 586 428 653 sunere
452 586 601 650 censorio
624 587 802 666 celebrata,
818 590 887 672 qni,
901 591 1169 659 administrandae
1186 596 1249 681 Sy·
1284 656 1288 662 .

148 690 208 755 riae
222 689 390 771 imagine·
403 686 536 752 tandem
550 689 735 767 exsolutus,
752 692 824 755 urbi
846 691 1036 774 praefuerat.
1071 693 1185 760 Genus
1199 696 1249 761 illi

148 790 325 870 decorum
348 788 645 869 viridasenectus;
668 794 782 855 etnon
802 792 966 875 permissa
989 796 1164 877 provincia
1178 797 1249 880 dig·

147 893 313 957 nationem
335 890 518 955 addiderat.
563 890 663 970 Exin,
681 890 807 958 Flacco
821 894 1028 977 Pomponiob
1042 896 1151 979 Syrien
1167 898 1250 963 Pro⁴

146 998 290 1077 praetore
304 992 486 1070 defuncto,c
495 993 670 1059 recitantur
682 992 830 1060 Caesaris
842 996 959 1075 literne,
971 998 1050 1080 quis
1058 998 1248 1078 incusabat,

148 1096 341 1178 ‘egregium
364 1114 539 1179 quemque,
560 1100 594 1160 et
614 1096 764 1179 regendis
787 1098 989 1162 exercitibus
1010 1099 1175 1177 idenemn,
1191 1102 1250 1164 ab·

146 1186 248 1261 nume
262 1195 296 1260 id
310 1216 452 1262 munus:
475 1218 578 1281 seque
588 1219 630 1263 ea
639 1200 885 1265 necessitudine
902 1199 946 1263 ad
960 1219 1076 1283 preces
1089 1202 1174 1283 cogi,
1189 1220 1249 1284 per

147 1317 233 1381 quas
249 1298 478 1365 Consularium
492 1300 596 1384 aliqui
611 1321 786 1385 capessere
801 1302 993 1387 provincias
1010 1302 1218 1383 adigerentur
1229 1300 1248 1367 :’

149 1395 274 1465 oblitus
287 1398 490 1480 Arruntium,
507 1422 549 1466 ne
564 1404 598 1465 in
614 1402 817 1487 Hispaniam
831 1408 987 1487 pergeret,
1001 1402 1166 1467 decimum
1175 1403 1249 1486 jam
1292 1388 1298 1397 ⁴

150 1518 269 1568 annum
285 1500 444 1568 attineri.d
488 1502 584 1568 Obiit
603 1503 718 1569 eodem
738 1523 823 1569 anno
846 1510 880 1569 et
893 1503 942 1567 Μ.
954 1503 1115 1587 Lepidus,
1132 1504 1174 1567 de
1190 1524 1248 1570 cuv

145 1673 193 1725 tur.
229 1672 280 1725 Sala
291 1674 381 1725 exitum
391 1674 448 1725 assi
459 1690 521 1725 mors
532 1666 594 1726 AElii
601 1674 701 1737 lumin,
711 1674 818 1741 exequiis
827 1668 1096 1741 cmwrdsfreqsestatu
1106 1680 1156 1735 est,·
1172 1670 1194 1728 s's
1212 1666 1249 1727 ress

146 1741 232 1801 gesdoe
242 1739 322 1803 Syrie
331 1740 454 1789 siurim
465 1741 560 1790 taudsrs
566 1748 681 1803 meum,
692 1742 753 1791 Urbi
762 1742 983 1805 prefectsssserst.
1011 1743 1094 1807 Stisps
1102 1748 1173 1806 atque
1181 1744 1249 1805 erigo

146 1802 188 1853 illi
197 1804 302 1866 Marta,
309 1804 394 1865 uigens
402 1810 508 1853 senectus
514 1821 524 1862 ‚¹
535 1810 558 1854 et
569 1820 614 1855 sors
630 1820 736 1855 armena
744 1807 876 1869 prosim
886 1822 971 1856 sesam
982 1808 1052 1856 &css
1061 1808 1112 1871 ipsi
1123 1808 1250 1868 adicem
1285 1831 1291 1847 ·

148 1867 213 1918 Deis
224 1868 311 1917 Flacco
322 1868 449 1931 Peuqreaio
458 1874 602 1933 proprietate
613 1870 692 1933 Sps-ire
704 1871 1017 1933 extincto,lsgitarepistelu
1026 1872 1150 1935 principis,
1159 1887 1204 1934 qua
1211 1886 1250 1919 ur·

146 1932 234 1993 gerebat
243 1932 368 1995 optimum
378 1940 549 1998 quemque,et
559 1934 679 1996 regendis
689 1934 835 1996 legionibus
847 1948 944 1997 parem,
954 1936 981 1982 id
993 1936 1104 1984 mametis
1116 1948 1248 1985 recusares

148 2001 177 2044 et
188 2010 215 2045 se
224 2011 257 2046 ea
267 1998 423 2046 necessitate
433 1997 466 2046 ad
479 2011 569 2061 preces
581 1997 659 2061 adigi,
671 2012 719 2061 per
730 2008 793 2061 quas
804 1999 919 2048 nonnulli
930 1999 1102 2047 consularium
1117 1999 1250 2062 suscipere

147 2060 537 2124 provinciascompellereutur:
553 2062 616 2111 trae
629 2062 690 2110 satis
696 2060 1180 2124 memer‚Arrastismjarsadeceraausis
1188 2076 1250 2124 pre-
1328 2086 1334 2097 ·

143 2124 234 2191 partiri,
245 2140 274 2175 se
284 2125 311 2175 iu
322 2124 466 2189 Hispmsiura
478 2127 674 2191 prqficisesretar.
702 2127 791 2174 Eodem
806 2141 867 2175 asso
883 2126 981 2175 decusit
992 2126 1090 2175 Manias
1100 2125 1213 2191 Lepidus,
1220 2128 1250 2176 ds

231 2285 236 2293 .
643 2254 754 2307 NOTAE

180 2350 277 2401 *Mers
292 2342 352 2401 AElii
369 2351 471 2415 hnic]
498 2352 567 2401 Dio:
584 2350 680 2401 ‘Piso
721 2354 798 2405 tulit!

147 2440 208 2477 nem
228 2424 382 2491 praefectum
399 2427 469 2476 urbis
491 2434 620 2477 mortuum
641 2441 680 2477 se·
752 2424 910 2494 ‘Desertam
938 2418 999 2481 Nau
1032 2431 1175 2495 provincia,
1203 2426 1250 2480 sed

148 2504 255 2568 prieurs
276 2504 381 2567 publica
398 2504 534 2577 honorarit
550 2503 680 2567 Tiberius,
720 2508 792 2569 vita;
816 2500 957 2573 prefectos
983 2508 1173 2571 provinciarum
1199 2521 1251 2557 non

149 2585 177 2631 et
192 2578 301 2630 Lucium
312 2580 427 2629 Lamiam
443 2594 491 2643 pro
505 2580 562 2644 ipsu
573 2578 680 2645 delegit,
719 2582 1198 2643 mutavinere'llberinnuislmorte.
1242 2643 1245 2650 .

149 2669 226 2719 quem
246 2656 308 2705 olim
323 2655 404 2719 Syrie
423 2655 572 2719 impositum
589 2654 679 2704 Itomae
751 2659 763 2693 ‘¹
779 2659 899 2723 Atticen]
916 2659 976 2709 Huc
987 2656 1102 2723 respexit
1111 2656 1250 2706 Suetonius

149 2736 237 2781 tamen
247 2729 374 2781 retinuit!
718 2735 775 2786 Tib.
787 2740 827 2784 41.
844 2734 852 2761 ‘
865 2734 1008 2799 Regressus
1025 2733 1052 2782 in
1069 2732 1178 2782 insulam
1189 2730 1252 2796 (Ca-

182 2813 195 2841 ⁸
211 2807 293 2871 Syria
303 2806 418 2871 imagine]
435 2806 462 2856 st
478 2808 521 2870 qni
538 2806 679 2872 suspectati
720 2808 808 2875 prees)
820 2810 934 2873 Reipub.
952 2806 1056 2873 quidem
1068 2822 1157 2858 curam
1168 2821 1251 2871 usque

147 2882 182 2934 ab
194 2883 299 2933 virtutis
316 2884 492 2933 nobilitatisve
511 2882 613 2947 tamam,
628 2898 680 2933 non
720 2886 786 2936 adeo
806 2886 913 2950 abjecit,
925 2891 964 2949 nt,
975 2888 1024 2934 dre.
1052 2882 1205 2947 Hispaniam
1223 2887 1252 2931 et

146 2960 321 3010 mittebantur
331 2960 357 3009 in
375 2960 543 3033 provinciam,
556 2962 597 3010 eui
615 2976 680 3025 prae·
720 2962 820 3025 Syriam
839 2976 886 3026 per
897 2961 996 3025 aliquot
1016 2974 1097 3008 annos
1117 2959 1172 3007 sine
1187 2962 1252 3007 tou·

148 3034 213 3087 fecti
235 3043 318 3086 etant.
351 3036 477 3086 Attamen
499 3036 578 3085 veluti
601 3033 679 3086 decus
719 3038 846 3099 sularibus
856 3038 949 3102 legatis
960 3035 1099 3085 babuerit?
1248 3090 1251 3098 Ι

149 3126 195 3163 seu
206 3114 318 3177 speciem
338 3113 441 3180 bonoria
459 3112 588 3161 habebant
600 3112 680 3161 admi·
754 3115 815 3164 Huc
826 3115 905 3163 etiarn
915 3112 1051 3176 spectabat
1063 3110 1131 3160 idem
1142 3112 1251 3162 Sueten.

147 3174 426 3254 ubtrsbautqnelicet
437 3187 680 3255 sessanum-oua
719 3185 780 3241 uta.
797 3194 838 3239 ⁰³.
855 3187 962 3237 ‘Unum
985 3192 1013 3235 et
1034 3188 1141 3236 alterum
1161 3202 1252 3255 consu·¹

150 3266 217 3316 elatu
230 3280 343 3330 persnas
355 3266 462 3328 legatos.
674 3266 676 3269 ’
719 3267 797 3327 lares,
809 3263 902 3314 oblatis
914 3262 1062 3327 provinciis,
1071 3277 1123 3312 non
1140 3277 1216 3312 ansus
1235 3277 1252 3311 a

181 3342 268 3390 Etiam
278 3340 389 3391 muriam
402 3341 566 3405 accipiebant
582 3356 596 3391 a
612 3340 681 3404 prin·
720 3356 748 3393 se
760 3340 902 3403 dimittere,
908 3354 988 3403 usque
997 3336 1062 3387 adeo
1074 3338 1195 3401 detinuit,
1205 3336 1251 3386 doz

150 3414 220 3481 cipe,
240 3419 313 3467 velut
335 3418 406 3479 ituri,
425 3424 453 3466 et
469 3419 541 3483 quasi
560 3419 680 3466 solatium
720 3433 770 3468 nec
789 3431 950 3467 successores
972 3420 1032 3477 pest
1050 3415 1149 3479 aliquot
1169 3428 1250 3463 anuos

148 3494 322 3557 scaporum
335 3494 470 3557 praetacta.
502 3493 608 3542 Tacitus
624 3508 680 3558 pas·
721 3494 895 3559 presentibus
912 3494 1070 3553 daret,cnrn
1084 3490 1186 3540 interim
1199 3504 1253 3561 ma3

149 3570 244 3632 sionei
255 3569 280 3617 iu
292 3570 345 3619 vite
357 3567 496 3631 Agricolae.
722 3579 801 3619 naute
819 3568 896 3619 officii
916 3570 1000 3630 titulo,
1018 3568 1096 3617 etiam
1117 3568 1252 3631 delegaret

181 3644 193 3677 θ
209 3646 295 3695 nacco
305 3643 447 3709 Pomponio]
462 3644 504 3693 De
519 3642 608 3692 eodem
620 3643 682 3692 Sue·
721 3646 839 3711 plurima,
847 3646 998 3710 natansque
1007 3645 1043 3693 illi
1057 3642 1212 3708 perlegales
1225 3652 1253 3695 et

150 3724 238 3773 tonius
255 3736 279 3770 c.
291 3725 331 3771 ta.
345 3720 402 3769 Tib.
420 3721 428 3748 ‘
442 3720 538 3768 Postea
547 3718 681 3781 princeps,
720 3720 1225 3786 adjutoressnosexequendacurarent!

149 3800 175 3848 in
187 3799 244 3863 ipss
255 3798 414 3863 publicorum
431 3810 529 3845 morum
541 3796 680 3845 correctio·
752 3797 804 3847 Sed
820 3798 870 3847 ista
886 3796 1024 3859 disciplina
1041 3795 1144 3845 remim
1161 3794 1253 3845 nocuit

149 3892 191 3937 ne,
202 3889 261 3924 cum
279 3874 425 3937 Pomponio
436 3874 531 3923 Flacco
550 3879 578 3921 et
589 3873 618 3921 L.
637 3872 681 3921 Pi·
721 3870 911 3937 Reipubquod
922 3871 1007 3920 innuit
1021 3865 1199 3919 Suetonsllb.
1210 3870 1252 3918 tt.

148 3965 211 4000 sone
229 3956 333 3999 noctem
353 3949 554 4013 continuumque
574 3948 679 3997 biduum
720 3947 930 4011 Reipub.cnram
951 3948 988 3995 its
1006 3946 1112 4009 abjecit,
1131 3943 1177 3993 ut‘
1188 3944 1253 3993 Gal·

149 4025 278 4091 epulando
314 4025 479 4089 potandoque
523 4024 677 4075 consrrmsit:
719 4024 767 4074 lias
788 4039 804 4072 a
824 4024 961 4073 Germanis
984 4022 1079 4069 vastari
1099 4020 1253 4085 neglexerit,

148 4113 257 4167 quarum
270 4101 347 4151 alteri
356 4100 634 4164 Syriam'proriucianr,
645 4099 680 4148 al·
720 4114 813 4163 magno
831 4098 959 4146 dedecore
974 4097 1085 4161 imperii,
1100 4110 1150 4146 nec
1162 4088 1253 4147 minorl

148 4178 200 4229 teri
212 4174 399 4245 praet‘sctarnru
410 4176 482 4228 urbis
491 4174 680 4245 confestimde·
721 4174 869 4226 discrimine
876 4170 895 4225 ·.’
911 4172 973 4247 duni
988 4187 1082 4237 nempe
1097 4174 1168 4236 arina
1186 4173 1251 4240 ipsis
