2975 4784
115 365 265 452 nessi
485 379 691 432 tuunnruu
714 383 788 437 uss.
813 376 865 436 rv'a
1159 369 1226 445 707

159 527 216 626 lit.
241 525 322 592 Erat
335 545 422 591 uxor
436 523 518 591 Silio
545 527 645 592 Sosia
671 527 783 609 Galle,
798 534 935 598 caritate
957 532 1153 622 Agrippinae
1167 539 1222 603 in:

113 631 190 696 viso
205 629 369 714 Principi.
411 627 493 720 UH'os
508 631 644 714 corripi,
658 631 762 697 dilato
776 635 819 698 nd
832 640 962 719 tempus
985 637 1124 718 Sabino,
1147 637 1221 725 pie'-

115 735 241 799 citum:
264 732 500 816 immissusque
518 731 629 798 Varro
655 732 795 814 Consul,
820 738 889 820 qui,
908 741 919 771 ⁴
935 745 1089 822 paternus
1110 741 1220 806 inimi-

114 833 222 900 citine'
236 834 433 912 obtendens,
448 833 536 899 odiis
554 833 668 917 Sejeni
690 855 749 919 per
773 836 920 903 dedecus
942 859 1038 904 suum
1057 843 1219 925 gratifica·

112 939 222 1003 betur·
284 937 448 1002 Preeante
475 957 533 1003 reo
569 937 729 1004 ‘brevem
765 958 906 1018 morem,
939 941 1019 1005 dum
1046 950 1220 1010 aecusator

114 1039 305 1106 Consulatu
328 1040 455 1118 abiret,'
469 1041 663 1106 adversatus
684 1046 735 1106 est
760 1041 897 1108 Caesar:
920 1045 1079 1108 ‘solitum
1093 1048 1218 1130 quippe

111 1141 375 1224 magistratibus,
390 1142 479 1206 diem
493 1143 631 1226 privatis
642 1143 772 1208 dicore:
796 1164 857 1208 nec
872 1145 1115 1228 infringendum
1131 1147 1217 1212 Con·

112 1243 195 1308 solis
203 1242 276 1326 jue,
292 1245 389 1328 eujus
415 1243 541 1324 vigiliis
567 1245 733 1323 niteretur,
748 1265 791 1310 ne
813 1243 905 1328 quod
931 1243 1095 1329 Respubl.
1119 1246 1219 1314 detri-

111 1350 258 1410 mentum
273 1344 427 1429 ouperet'
471 1344 650 1428 Proprium
664 1347 699 1410 id
713 1347 850 1411 Tiberio
872 1348 946 1425 fuit,
971 1349 1097 1412 seelera
1109 1369 1217 1431 nuper

110 1446 378 1536 repertapriscis
392 1447 504 1511 verbis
518 1449 684 1529 obtegere.
713 1448 819 1536 Igitur
833 1451 935 1514 multa
949 1446 1218 1531 asseveratione)
1312 1446 1318 1460 ’

140 1613 206 1661 neas
218 1613 1090 1678 ffltoeowmmouomsmeetamngrrpptunmacm
1120 1613 1216 1663 Ponte

108 1676 148 1724 ios
155 1678 250 1754 hasti,
257 1678 346 1737 meets
354 1677 443 1728 estne
453 1679 480 1726 is
490 1678 655 1754 stied'tesrrpns
665 1695 673 1733 .-
683 1680 841 1756 sparsaque
850 1684 886 1728 est
897 1680 974 1754 i'ssrs
979 1680 1070 1755 uuest,
1077 1679 1119 1742 qui
1129 1684 1216 1754 pster-

108 1742 1217 1870 2¹:23¹*uetit⁰trttttt“m⁸⁴.·t,⁰t.‘tttt..ttzttttttttristi-m

107 1871 139 1916 sit
152 1869 276 1919 tiberinis:
291 1871 375 1920 solere
387 1869 483 1934 quippe
496 1871 661 1933 magistratus
673 1871 700 1919 in
708 1871 752 1934 jus
763 1886 857 1920 vocare
868 1871 998 1936 prisstos:
1018 1884 1066 1918 nec
1085 1869 1214 1918 infirman-

108 1933 292 1984 dsmcousutis
309 1935 501 1994 auctoritatem,
512 1935 587 1997 eujus
610 1935 745 1998 vigilantis
765 1942 910 1994 eoveretur,
929 1933 1042 1998 nequid
1063 1933 1215 1983 detrimenti

108 1997 317 2062 Respeeperet.
355 1997 427 2047 Vetus
435 1999 576 2060 insitumque
591 1999 619 2046 itt
632 1993 727 2048 'liberio
739 1999 802 2060 suit,
813 1998 1214 2062 fingitisroemsdisssstsests'·
1317 2044 1321 2059 ,

106 2064 158 2124 quie
166 2065 302 2112 mnibus
311 2064 437 2112 eceutture.
472 2061 555 2125 itaquis
568 2062 674 2112 maxims
689 2063 844 2126 mentione,
853 2067 967 2126 tosqsem
976 2062 1074 2122 veiim
1082 2076 1135 2111 esis
1149 2060 1214 2111 Sitis

607 2210 714 2262 Nom

104 2319 247 2372 reddeudae
264 2320 355 2384 gratim
371 2335 446 2386 peres
457 2335 485 2370 se
502 2325 604 2385 putent,
620 2321 641 2370 si
681 2338 737 2372 rum
749 2329 846 2374 statum
857 2319 1212 2385 Reipublicaesppeitsttonetn

104 2413 167 2460 sero
177 2399 247 2448 vires
258 2413 347 2448 eorum
357 2403 492 2461 superant,
502 2409 550 2460 pro
563 2397 641 2459 grati·
680 2397 785 2462 mereri,
795 2412 853 2447 oum
865 2396 896 2445 ab
908 2396 982 2444 unios
992 2401 1057 2444 nuto
1068 2395 1214 2458 penderent

105 2475 197 2526 tudine
209 2474 297 2524 odium
308 2473 438 2534 reddunt;
456 2471 570 2537 namqui
585 2480 640 2521 tur·
681 2473 774 2522 omnis.
828 2536 832 2543 .

104 2564 136 2612 pe
149 2557 227 2614 putst
245 2564 296 2600 non
311 2549 432 2614 reddere,
440 2563 491 2598 non
508 2547 564 2597 vuit
583 2563 638 2598 esse
712 2547 791 2596 Hane
807 2561 857 2610 ego
876 2559 930 2594 rem
948 2557 1000 2592 non
1017 2554 1121 2605 possum
1131 2543 1213 2606 expli·

104 2629 145 2678 eni
156 2625 262 2676 reddat.
623 2627 626 2634 '
679 2638 740 2673 esre
760 2621 915 2682 evidentius,
936 2632 1014 2684 quem
1033 2617 1121 2667 neseio
1138 2619 1213 2682 cujus

134 2701 142 2733 i
158 2701 429 2766 Mettensseeerutioee]
442 2699 590 2750 neeesse
602 2701 638 2751 ni·
679 2697 844 2748 festivissima
855 2693 1061 2759 comparutione3
1078 2691 1122 2757 qui
1132 2693 1212 2742 homi·

103 2781 137 2829 hii
153 2779 197 2829 irio
212 2787 255 2829 est
265 2777 335 2828 eliud
346 2791 421 2842 quem
433 2775 502 2840 quod
514 2789 560 2824 nos
574 2773 638 2827 diei·
679 2787 725 2824 nes
738 2759 864 2838 quostiam
875 2771 901 2820 in
912 2769 987 2819 rebus
1001 2767 1065 2833 pub.
1081 2768 1119 2819 ait
1137 2772 1226 2833 repe.‘

102 2871 157 2906 mos
167 2859 250 2912 επακ
266 2855 345 2903 etiem
363 2853 396 2902 de
411 2850 474 2900 ficte
492 2857 592 2900 tentum
610 2858 638 2902 et
679 2849 734 2911 riri,
745 2847 929 2912 Csryetittibns
945 2851 991 2895 unt
1007 2844 1160 2895 Attentibos
1177 2846 1210 2895 si·

103 2931 253 2981 assimulata
261 2929 412 2979 severitate.
429 2927 478 2976 Est
491 2925 570 2989 igitur
583 2933 638 2976 tun·
676 2923 759 2986 miles,
772 2923 817 2988 qui
834 2921 898 2971 iicet
914 2921 977 2970 nibil
993 2919 1097 2970 omnino
1114 2918 1209 2984 ferunt,

102 3013 156 3056 tum
178 3004 336 3056 minnistin
368 3009 396 3053 et
424 3004 496 3052 larus
518 3000 636 3065 quemdem
677 3015 733 3050 eum
768 3006 854 3049 menen
890 2998 1108 3048 asseverationem
1135 2999 1209 3047 snitu

102 3083 163 3132 serii
171 3081 281 3146 negotii,
289 3079 358 3146 quod
367 3085 451 3128 tamen
460 3077 636 3139 rerernionge
677 3080 802 3140 gestuque
831 3072 981 3137 preferant,
1003 3079 1125 3137 tanusm
1153 3072 1209 3122 uni·

101 3159 152 3208 etio
160 3159 250 3219 modo,
260 3171 336 3221 qoem
345 3159 480 3220 appareat,
489 3157 633 3202 tractetur:
676 3165 777 3201 versum
789 3149 890 3200 aedificii
902 3163 965 3198 onus
980 3147 1028 3197 soii
1040 3148 1208 3198 sustinerent.

99 3235 169 3283 sient
179 3233 207 3282 in
220 3229 345 3296 presenti
356 3243 431 3278 essese
441 3227 502 3276 nihii
513 3233 569 3276 ernt
580 3237 639 3276 cer:
676 3229 835 3281 Asseversre
856 3228 924 3277 enim
944 3241 995 3275 non
1017 3236 1118 3290 semper
1138 3224 1208 3274 idem

100 3307 163 3371 tius,
175 3321 254 3373 quarn
271 3303 416 3356 irs'iiberii
434 3303 523 3352 Silium
541 3304 635 3366 premi,
676 3315 717 3357 est
735 3305 804 3371 qued
826 3301 1070 3365 offirmare-Siout
1090 3300 1208 3351 ‘essers-

100 3396 127 3436 et
139 3389 198 3451 jem
221 3383 301 3434 exitio
318 3383 485 3444 destinatum,
502 3394 552 3430 nee
575 3394 636 3445 quo·
674 3397 733 3432 rere
751 3380 871 3432 frontem’
887 3377 956 3444 apud
975 3377 1113 3443 Apuleium
1132 3378 1150 3426 Ι.
1162 3389 1206 3426 ru.

100 3477 213 3528 eumque
222 3459 298 3511 modo
310 3457 375 3508 iilud
387 3455 553 3521 effugiturnm
565 3470 635 3506 esse:
674 3457 785 3508 Metam.
798 3463 848 3520 est,
865 3469 923 3505 enm
935 3453 1098 3515 contrahere,
1110 3458 1138 3501 et
1155 3451 1207 3503 tor.-

100 3555 190 3590 verum
200 3537 252 3588 hoc
260 3533 450 3595 occuitsbetur,
459 3537 486 3580 et
496 3529 635 3580 induceba-
675 3547 748 3582 msre
758 3533 791 3582 sd
806 3530 983 3591 severitatem,
992 3527 1088 3575 serium
1100 3525 1206 3576 intueri.

100 3614 255 3680 torspeeies
267 3613 325 3675 etin,
335 3619 458 3675 tanquam
467 3608 535 3672 opud
547 3614 636 3672 patres
674 3608 718 3658 Sic
728 3607 797 3671 opud
808 3612 926 3659 nostrum
938 3615 1000 3654 1111.
1010 3606 1048 3653 ts.
1060 3601 1136 3651 ‘Viri
1148 3617 1205 3667 grs-

100 3707 159 3742 reus
176 3691 222 3740 iiie
241 3689 425 3754 postularetur,
441 3683 485 3748 qui
500 3681 594 3745 libere,
605 3689 637 3733 ut
675 3685 785 3733 vitatem
797 3676 989 3741 nseveientes,’
1000 3678 1205 3728 dicuntorvnitu

101 3766 242 3834 quondam,
250 3763 313 3830 quid
322 3762 456 3811 firmarent
464 3765 636 3821 mutarentve,
677 3774 733 3810 mm
762 3762 890 3824 gestuque
910 3763 937 3814 ‚et
960 3770 1082 3818 sermone
1104 3757 1204 3830 plieqoe

100 3857 183 3894 cnusae
194 3839 369 3904 cognitionem
379 3843 467 3887 essent
478 3835 633 3900 suscepturi.
674 3837 764 3904 specie
775 3833 955 3902 preferentes.

99 3919 149 3970 Sed
160 3919 220 3968 haeo
231 3915 318 3968 omnis
335 3913 420 3963 innuis
436 3909 517 3961 fuisse
536 3926 578 3961 res
594 3925 634 3961 sr-
706 3913 788 3963 Multo
814 3907 995 3970 mmm]
1034 3905 1078 3954 Sic
1111 3918 1205 3968 magns

98 3991 355 4063 guinetirnsginem
371 3989 464 4039 sineri
480 3987 633 4051 retinuisse,
672 3985 864 4040 sesevemtione
892 3998 936 4034 ses
971 3980 1106 4044 sgebstur,
1133 3979 1204 4046 qussi

98 4069 267 4138 nequeenim
284 4079 376 4116 revere
390 4063 559 4128 iegibuseum
569 4065 632 4116 Silio
668 4065 749 4128 juxte
766 4063 847 4125 teges,
866 4057 939 4124 qussi
956 4061 1044 4105 vetere
1063 4054 1154 4120 repuli.
1175 4058 1226 4123 et·

98 4157 187 4217 petum
198 4159 257 4196 esse
274 4141 431 4208 (quenquam
445 4155 486 4214 ⁴eos
508 4139 632 4190 obtende·
672 4137 745 4206 qtresi
762 4137 848 4185 Varro
868 4133 980 4198 priscum
998 4136 1026 4181 et
1043 4145 1076 4180 ex
1091 4129 1203 4195 antiquis

100 4219 211 4288 rentur),
226 4231 313 4286 neque
330 4211 409 4272 etiem
421 4223 579 4282 presentem
593 4229 632 4266 re·
668 4211 786 4270 'moribus
807 4208 937 4266 commen
954 4213 1053 4274 egeret,
1064 4206 1136 4272 quest
1147 4208 1202 4256 ¹snm
