2975 4784
246 351 315 423 ms
603 370 639 419 o.
660 364 843 418 oonunnn
866 362 993 417 rentur
1190 368 1353 438 [numm

248 510 339 595 lags’l
354 512 509 577 disseruit
521 510 648 577 Caemrr
684 515 696 546 ‘
710 510 802 575 Nam
816 510 990 593 patricios,
1004 509 1218 575 confarreatis
1232 528 1353 594 parsu-

249 610 350 679 tilmsh
375 616 512 697 genitos,
526 620 594 679 tres
619 613 719 679 simul
740 614 917 689 nominari,
932 632 977 675 ex
989 610 1066 694 quis
1080 630 1168 675 umus
1182 612 1355 695 legeretur,

249 722 382 781 venusto
394 736 503 795 more3
536 736 642 799 nsque
656 716 790 793 adesse,
812 720 850 779 ut
870 715 963 791 olim,
975 732 1048 777 eam
1062 714 1209 796 copiam,
1225 714 1356 779 omissa

250 817 480 883 confarreandi
495 818 717 895 assuetudine,
730 823 790 883 aut
809 818 892 881 inter
913 835 1045 900 paucos
1059 821 1204 881 retenta:
1228 816 1358 898 plures·

217 1018 222 1031 '
250 1022 365 1084 (licebat,
376 1028 430 1074 tres
438 1022 514 1071 simul
525 1020 657 1085 designari
668 1022 753 1071 solere
770 1020 895 1084 patricios
907 1036 939 1071 ert
953 1029 1029 1085 patre
1041 1029 1175 1088 rostroque
1186 1021 1361 1073 confarreatis

250 1093 329 1147 ortos,
340 1102 372 1137 ex
384 1086 478 1151 quibus
489 1100 553 1134 unm
570 1091 705 1135 crearetur
715 1085 803 1148 prisco
815 1086 886 1145 ritu·,
908 1100 991 1151 neque
1005 1094 1156 1152 suppetere,
1167 1095 1196 1137 ut
1207 1087 1361 1152 antiquitus,

247 1166 307 1200 enm
325 1150 516 1200 multitudinem
528 1148 750 1199 coutbrrestorum
762 1156 910 1213 parentum,
925 1150 1045 1213 neglecta
1061 1149 1242 1201 confarreandi
1252 1164 1360 1200 comus·

251 1214 352 1280 urdine,
362 1215 405 1264 uel
417 1214 488 1278 apnrl
498 1228 595 1278 pauens
609 1214 760 1265 meriste»
796 1214 949 1279 Multisque
965 1216 1022 1279 ejus
1039 1216 1078 1265 rei
1094 1216 1208 1267 rationes
1224 1214 1362 1265 astruebat

755 1363 861 1418 NOTAE

166 1500 170 1506 ¹
280 1478 787 1545 lSistulrspsudsrssnitlsge]iiissernit·
827 1478 854 1529 in
866 1494 943 1531 menn
952 1482 1134 1543 consentione,
1142 1481 1251 1533 eumills
1261 1480 1289 1529 in
1299 1478 1362 1531 filla

250 1570 302 1620 qus
320 1558 400 1607 etism
418 1558 453 1607 de
468 1572 536 1608 noua
555 1558 616 1623 legs
638 1556 788 1619 sancienda,
827 1555 1077 1619 incommonitum
1097 1557 1364 1623 patrisueniebstnt

250 1634 311 1696 quis
321 1641 395 1684 retus
407 1634 540 1683 observari
551 1647 602 1683 non
613 1640 710 1697 posset
734 1631 788 1682 An·
828 1632 850 1679 sl
861 1633 918 1696 quie
928 1633 1000 1696 prior
1012 1632 1105 1683 fnisset
1116 1632 1363 1696 uenustissimam

250 1708 359 1773 tiqnitns
374 1710 442 1759 enim
459 1708 572 1775 (aiebat)
584 1711 661 1759 moris
678 1715 745 1773 erst,
757 1713 786 1759 ut
826 1706 986 1759 humaturus
993 1708 1095 1772 justum
1107 1708 1183 1759 slterl
1193 1706 1312 1758 faceret!

249 1783 325 1833 simul
341 1792 395 1835 tres
412 1788 524 1850 patricii,
541 1801 629 1836 omnes
645 1786 787 1849 eparenti·
859 1782 959 1833 Iterum
972 1784 1053 1835 alibi:
1080 1786 1088 1813 ‘
1102 1784 1171 1838 Quid
1180 1784 1251 1833 eninr
1263 1790 1305 1833 est
1316 1782 1365 1833 nli·

250 1862 309 1925 bus,
320 1863 365 1927 qui
376 1864 584 1915 confermentans
599 1860 787 1927 conjunctifu·
828 1858 862 1909 ull
883 1859 995 1924 dextre,
1014 1875 1091 1925 quam
1109 1858 1135 1909 in
1155 1874 1257 1911 nestrum
1268 1874 1364 1909 conue-

250 1938 343 1999 issent‚
360 1939 451 2001 geniti,
469 1942 683 2001 nominsrentnr3
709 1940 787 1989 exiis
826 1936 898 1985 nire?
925 1950 982 2001 qim
1000 1934 1364 2000 contentiosoritnperllci-

249 2014 376 2078 tleiuccps
387 2031 452 2065 unus
463 2017 617 2081 eligebatur.
829 2020 881 2077 tur,
891 2019 920 2061 ut
937 2026 1003 2077 equa
1013 2018 1042 2062 et
1052 2012 1104 2075 igni
1115 2010 1247 2073 sdbibitis,
1262 2010 1365 2061 dnobus

283 2088 295 2121 ¹
306 2090 372 2139 Nem
381 2094 506 2154 patriciam
516 2092 673 2156 confarreatis
681 2092 788 2155 porculi·
827 2090 945 2140 menimis
955 2090 1102 2153 elementis,
1117 2097 1209 2140 natura
1220 2090 1366 2153 conjuncta

247 2164 306 2227 bes]
330 2166 391 2215 Non
404 2167 465 2216 alibi
484 2174 536 2217 tam
554 2167 672 2231 expressi
683 2168 749 2215 ritus
760 2166 787 2215 ln
827 2164 972 2217 hebeatur:
990 2182 1048 2232 quse
1059 2181 1101 2216 res
1113 2166 1147 2215 ml
1158 2165 1285 2215 feruentes
1296 2178 1366 2230 nup-

251 2240 360 2303 legeado
380 2242 461 2291 Diali.
507 2241 553 2292 Ait
575 2242 704 2302 Patricius,
726 2241 787 2305 quis
827 2242 878 2292 tiss
899 2242 1024 2307 pertinet,
1049 2242 1143 2307 quibus
1171 2242 1313 2293 Hominem
1336 2248 1367 2292 et

252 2328 311 2365 cum
330 2315 477 2380 quindecim
496 2317 624 2366 Flamlnes
641 2322 740 2378 essent,
752 2331 785 2366 ex
827 2318 1062 2383 Flaminicamjurs
1079 2316 1219 2368 Pontificio
1237 2318 1263 2367 iu
1274 2318 1368 2367 nustri-

250 2391 282 2439 'ris
299 2396 351 2441 tres
363 2391 439 2455 primi
456 2392 569 2444 instituti
586 2408 604 2442 s
626 2392 721 2455 Numa,
734 2406 786 2442 non
827 2394 940 2443 monium
953 2408 1061 2445 necesse
1072 2400 1114 2445 est
1125 2394 1281 2455 ponuemlre.¹

251 2468 301 2518 nisi
323 2457 357 2518 eri
379 2470 497 2533 putribus
516 2470 689 2533 legebantur:
713 2469 786 2533 lique
859 2470 894 2519 Et
906 2471 1070 2534 paulopost:
1096 2470 1176 2521 ‘Mos
1190 2467 1241 2519 fult
1256 2467 1366 2519 tinniat

250 2544 444 2606 majorerdictl3
461 2546 505 2593 elil
516 2547 598 2594 etiarn
615 2544 728 2607 eptebe,
739 2558 786 2608 sp·
827 2556 859 2593 sn
877 2544 1036 2606 Flaminica,
1053 2550 1083 2594 ut
1102 2558 1149 2607 per
1167 2544 1365 2594 Farrsstionem

249 2619 393 2684 pellsthne
406 2620 644 2668 timim-unam.
825 2619 853 2668 ln
874 2622 979 2683 nuptias
1000 2622 1181 2683 convenirent,
1201 2620 1278 2670 selles
1297 2620 1365 2670 dues

284 2691 368 2742 Addit
380 2692 536 2751 summensis
544 2692 702 2755 perentitur
718 2693 787 2756 quta,
822 2696 939 2760 jugatas,
949 2697 1010 2745 ovill
1020 2697 1091 2761 pelle
1103 2696 1281 2762 superiniecit
1292 2684 1367 2760 pini,

251 2776 281 2819 nt
293 2769 394 2818 Plinius
406 2770 453 2831 sit,
462 2773 471 2797 ⁴
481 2770 508 2818 iu
520 2770 670 2820 sscrlsnlbll
683 2771 788 2834 religio·
827 2772 885 2836 ejus
897 2772 950 2823 ovis
962 2788 1021 2839 queo
1043 2773 1129 2823 bostis
1142 2772 1251 2823 fuissetr
1278 2778 1307 2821 et
1325 2772 1365 2821 ibi

251 2846 303 2894 rius
336 2843 552 2895 confarreationis
583 2846 686 2895 vlnculu
713 2848 788 2897 erat)
827 2849 954 2899 nubentes
967 2850 1061 2899 velatis
1077 2848 1207 2913 capitibus
1224 2846 1366 2898 inconfer-

251 2921 360 2985 Trlplex
372 2922 440 2971 enim
452 2924 608 2971 matrimonii
620 2922 788 2972 contrahendi
829 2926 944 2975 reatlone
966 2926 1072 2975 Flamen
1090 2940 1121 2974 no
1142 2926 1283 2975 mauriolus
1301 2926 1366 2975 rest·

248 3008 315 3058 anos,
328 2996 387 3057 Usus,
400 2998 484 3056 Ferre,
497 2997 642 3047 cointium.
829 3000 933 3050 tierent.
966 2998 1194 3050 Confsneutioncs
1214 3008 1300 3051 sutem
1325 3008 1366 3051 to·

283 3072 499 3136 Antiquissimum
523 3088 603 3135 genus
621 3074 698 3123 Ferre
717 3074 796 3124 ulde-'
828 3075 1029 3125 nitendirinrit.’
1056 3075 1302 3126 nonsummum
1315 3076 1366 3127 Di·

251 3155 303 3213 tur,
321 3150 391 3215 qnod
411 3150 556 3213 Dionysius
569 3152 687 3215 appellnt
708 3150 789 3213 γάμον
822 3150 991 3214 imminet
1012 3152 1153 3202 Arnobium
1168 3151 1214 3202 lib.
1227 3166 1265 3202 tv.
1290 3152 1366 3203 ‘Ur-

253 3227 316 3277 eoeri
325 3226 380 3275 reis
392 3224 465 3291 ἱεροὺς
475 3226 567 3288 νόμους,
578 3234 686 3292 eratque
697 3241 788 3277 neces-
828 3242 886 3278 ores
897 3229 966 3278 cuim
986 3228 1032 3277 Dli
1052 3228 1158 3289 babent,
1175 3234 1255 3291 stqae
1267 3228 1293 3276 in
1305 3242 1370 3278 con-

250 3308 305 3352 tum
315 3318 365 3352 non
377 3304 457 3353 solnm
471 3304 603 3353 linarium
613 3304 684 3354 nesci
696 3305 788 3363 senfor-
823 3304 925 3368 Jngnlls
935 3303 1038 3353 fretters
1048 3304 1240 3353 conditionibus
1257 3304 1368 3354 sortiunt

250 3382 325 3431 reofis
344 3380 491 3444 potestibus,
510 3380 555 3430 sed
578 3388 606 3431 et
624 3383 707 3446 ipsum
727 3397 786 3433 cunr
828 3388 888 3429 aute
909 3380 1037 3443 quesitis.
1076 3380 1141 3441 Usu,
1163 3380 1251 3439 Ferre,
1271 3376 1367 3428 Coim-

252 3457 395 3508 Finminicn
409 3458 485 3508 Ferre
492 3458 578 3523 jungi.
827 3457 907 3517 tione,
917 3456 1024 3519 genialis
1034 3456 1122 3506 lectuli
1132 3452 1369 3512 sacramentonum

245 3552 250 3561 ·
283 3534 387 3582 servius
402 3534 518 3583 Deulelis
537 3534 563 3583 in
574 3534 705 3599 excerptis
717 3550 732 3583 n
743 3534 787 3584 Pi·
828 3530 945 3581 dueunt.’
965 3532 1071 3595 Lmsist.

252 3609 337 3659 tltoeo:
362 3609 474 3659 ‘Tribus
494 3610 576 3659 modis
596 3611 666 3674 apud
685 3616 788 3660 vctcres
860 3606 926 3656 Cum
944 3620 977 3655 ex
1000 3608 1058 3670 lege
1071 3608 1153 3671 Regia
1167 3608 1260 3656 muller
1275 3608 1302 3657 in
1315 3608 1367 3659 uli-i

251 3684 352 3747 nuptio
363 3682 470 3744 fiebunt,
484 3686 544 3747 Usa,
560 3686 591 3747 sl,
604 3686 676 3736 verbi
694 3688 788 3751 gratia,
826 3696 929 3733 manum
938 3687 1101 3746 conveniret,
1112 3684 1191 3733 certis
1201 3684 1367 3749 verbls(qnss

250 3758 343 3809 mulier
354 3771 422 3805 anno
434 3772 485 3806 uno
505 3772 562 3807 cnm
582 3760 647 3819 viro,
658 3760 720 3809 licet
732 3762 787 3811 sius
828 3762 924 3811 utinam
945 3776 977 3811 ex
995 3762 1102 3825 Ulpisni
1123 3760 1228 3824 seriptis
1246 3772 1368 3823 superes-

250 3834 360 3898 legibus,
372 3831 472 3883 fnisset.
493 3834 644 3894 Ferre,cnm
657 3836 785 3897 perPnn·
828 3843 894 3897 sent,
914 3838 952 3887 uti
976 3838 1025 3885 ltuc
1046 3836 1179 3901 superest)
1201 3836 1368 3901 testibusque

249 3907 346 3959 tificem
370 3908 440 3959 Mur.
463 3918 491 3958 et
514 3908 618 3958 Dialem
642 3908 784 3959 Flsmtaem
826 3914 1008 3977 presentibus,
1024 3914 1124 3963 solenni
1140 3912 1267 3961 sacrificio
1284 3910 1367 3977 festo,

250 3980 395 4048 psrfruges
416 3991 444 4033 et
461 3987 554 4035 molam
577 3986 668 4034 salsam
679 3986 785 4049 coujnn·
827 3990 901 4053 panis
924 3990 1034 4054 ferrens,
1055 4000 1116 4041 ante
1139 4004 1231 4039 novant
1254 3996 1366 4053 nuptam

252 4056 396 4121 gebantur:
423 4060 490 4110 unde
508 4060 687 4111 confarreatio
698 4062 787 4126 appel·
827 4066 929 4117 tlelutus
941 4068 1041 4129 aderat,
1053 4082 1130 4132 quern
1146 4068 1271 4132 conjuges
1283 4068 1367 4131 perti·

251 4134 330 4192 lntnr,
346 4146 380 4180 ex
400 4134 494 4197 quibus
514 4137 619 4199 patrimi
634 4143 662 4187 et
674 4138 787 4188 metriml
827 4141 962 4204 ciperente
991 4142 1050 4191 inde
1066 4142 1175 4191 austum
1191 4141 1259 4190 sueri
1271 4153 1366 4191 nomen

252 4206 437 4260 uescebantur.
480 4212 787 4282 Crinitum-sermone
820 4216 950 4283 smmis,
968 4224 1015 4269 ant
1032 4217 1200 4282 mmmm,
1218 4214 1294 4283 enjus
1309 4216 1366 4267 uin·
