2975 4784
213 288 280 359 916
569 306 603 354 o.
624 302 806 365 conanum
829 304 957 353 rscsrr
1154 308 1316 373 [uuam.

211 450 365 517 Ceterum
379 438 545 533 plurimisl
562 446 753 513 mortalium
773 467 840 513 non
860 443 1062 528 eximitur,³¹
1080 447 1161 532 quin
1182 451 1316 535 ‘primo

211 552 372 639 quusque
383 556 457 615 ortu
466 554 604 615 venture
612 548 832 615 destinentur:
849 551 911 615 sed
921 548 1076 632 quaedam
1089 568 1199 629 secus,
1213 570 1313 634 quam

211 654 303 721 dicta
316 652 393 729 sint,
420 650 548 729 cadere,
571 650 715 715 fallaciis
730 652 843 733 ignara
856 650 1035 717 dicentium
1045 659 1076 715 :¹¹¹
1089 652 1139 717 ita
1151 654 1316 737 corrumpi

208 754 306 819 fidem
320 754 410 830 artis,
431 754 530 837 cujus
546 752 636 816 clare
646 750 846 817 documenta
859 755 914 813 οἱ*
929 753 1071 835 antique
1086 756 1171 817 aeter
1187 758 1221 817 et
1233 771 1313 831 noee

208 862 275 921 tra¹²
297 852 429 920 tulerit?
472 853 608 938 Quippe
633 872 654 917 a
676 852 747 917 filio
761 853 912 937 ejusdem
926 854 1095 937 Thrasylli
1114 853 1341 937 praedictum·
1423 866 1426 871 '

210 1050 242 1085 ao
251 1032 360 1085 florente
372 1034 477 1084 fortuna
487 1032 665 1099 imprudenter
681 1037 796 1083 utentur.
830 1034 942 1083 Ceterum
962 1034 1079 1097 plaitasse
1098 1033 1217 1082 lomim
1236 1032 1313 1085 insita

210 1100 313 1163 penitus
323 1100 411 1163 opinio
422 1114 468 1148 sos
477 1100 596 1161 evellitur,
605 1100 661 1162 quis
672 1098 753 1161 prima
764 1097 890 1172 cujusque
901 1097 1008 1161 genitali
1019 1099 1092 1155 laura,
1099 1096 1187 1146 tumre
1196 1103 1224 1146 et
1234 1098 1314 1146 iurari·

209 1166 291 1214 certio
302 1164 484 1227 disponantur:
497 1163 542 1213 sed
559 1165 680 1213 nonnulle
691 1161 811 1211 accidere
823 1163 907 1223 aliter,
922 1168 999 1226 quam
1010 1163 1138 1225 prsedicta
1148 1162 1208 1223 siut,
1219 1159 1312 1213 frande

209 1226 348 1287 hominnm,
358 1228 402 1293 qui
413 1227 503 1291 ignota
513 1228 610 1278 docent
621 1244 627 1286 ;
638 1228 673 1276 sto
686 1224 839 1274 labefactari
850 1226 929 1275 fidem
944 1226 1071 1285 scientim,
1092 1226 1165 1289 cujus
1174 1224 1313 1275 manifesta

210 1294 338 1357 exempla,
348 1307 379 1343 ac
394 1291 546 1357 specimina,
557 1298 585 1341 et
596 1292 681 1355 prisca
700 1296 764 1341 aetas
782 1297 812 1339 et
827 1297 916 1341 nostra
931 1290 1090 1341 exhibuerit.
1123 1292 1189 1341 Num
1208 1289 1314 1340 Νησώ

672 1434 745 1456 ”UH
748 1434 851 1455 ‘0000ss

210 1548 279 1598 ,aas
290 1534 450 1597 ursega-ru·
467 1536 531 1587 lieet
552 1536 621 1599 pens
637 1536 744 1601 erctum,
755 1536 888 1587 summm
898 1534 962 1583 uss.
978 1512 1111 1582 mem-'a
1127 1531 1170 1582 m
1179 1531 1231 1581 sn.
1243 1530 1313 1582 rm.

209 1598 338 1651 editiones
349 1608 450 1651 veteres
460 1608 489 1651 et
500 1603 671 1652 recentiores.
704 1602 736 1651 ln
749 1602 838 1664 paucis
850 1598 966 1650 ltlrensui
981 1604 1010 1646 et
1026 1597 1134 1647 allorum
1144 1596 1313 1656 editionibus,

208 1662 341 1791 aalma
349 1664 401 1777 ἐξ·
419 1666 471 1715 ills.
494 1666 564 1716 Flor.
582 1666 708 1717 editiones
730 1674 832 1716 veteres
855 1670 883 1714 et
903 1662 1070 1760 recentiores.
1102 1660 1135 1711 In
1152 1659 1313 1711 intermediis

707 1826 815 1878 NOTAE

241 1934 253 1969 ¹¹
271 1938 382 1987 cerrum
387 1937 508 2003 plurimis]
517 1938 739 2005 Ceterumqnam·
781 1936 889 2003 predlei
901 1936 994 2002 potuit.
1010 1933 1314 1997 Pervsrisosteuta,per
1337 1988 1343 1995 ¹

208 2011 336 2062 visfstnm
345 2028 387 2063 res
396 2016 542 2064 mortalium
551 2030 602 2065 non
611 2022 684 2075 regat
692 2029 741 2077 per
780 2015 887 2079 aquilas,
914 2028 963 2077 per
983 2025 1046 2061 aves
1066 2012 1139 2071 alias,
1160 2024 1210 2073 per
1235 2008 1312 2058 arbo÷

208 2103 287 2153 vagas
296 2090 384 2139 stellas
397 2105 403 2149 ;
415 2090 531 2153 quamvis
543 2102 590 2152 per
603 2090 739 2153 principis,
780 2104 835 2138 rer:
847 2088 886 2138 sic
905 2088 1001 2151 gallim
1012 2088 1102 2145 Lirim,
1113 2086 1152 2136 sic
1169 2087 1312 2135 lauretum

208 2170 329 2215 etnexus
346 2178 480 2213 causarum
496 2178 554 2212 cnm
571 2166 622 2213 suis
641 2163 741 2215 effoeti·
781 2167 912 2215 Caesarnm
929 2170 1061 2214 ostentum
1083 2161 1150 2213 luit:
1175 2163 1213 2213 sic
1235 2162 1312 2230 arbor

207 2240 267 2301 bus,
284 2245 372 2289 certus
389 2244 418 2288 et
434 2238 554 2289 immotus
572 2254 658 2291 rerum
676 2241 739 2290 ordo
779 2239 943 2303 Vespasiani,
963 2254 1021 2303 quae
1039 2243 1170 2301 prostrata
1190 2236 1314 2300 surrexit,

206 2315 373 2379 impendeat3
405 2320 521 2365 attamen
545 2332 595 2367 uon
617 2319 740 2369 eximitur
780 2316 920 2366 etduravit
930 2315 1050 2380 usquead
1060 2313 1139 2363 finem
1150 2312 1312 2372 Domitianir

207 2391 339 2457 plerisque
374 2392 522 2441 mortalium
550 2392 607 2443 lrerc
632 2395 738 2457 opinio,
779 2405 827 2454 per
836 2392 905 2457 ipsos
915 2391 1058 2454 immun,
1075 2389 1121 2454 qui
1133 2389 1195 2439 talia
1206 2394 1313 2440 ostenta

208 2466 270 2531 quin
279 2468 371 2531 prima,
388 2482 433 2516 seu
445 2467 570 2531 cujusque
579 2470 686 2531 genitali
696 2472 738 2519 lro·
777 2466 1029 2532 interpretabantur.

207 2555 247 2605 ra,
257 2541 346 2593 futuru
357 2541 519 2593 destinentur
529 2543 661 2605 omnibus,
677 2546 739 2609 quin
811 2542 898 2592 Etiam
910 2556 957 2605 per
969 2542 1145 2605 Metepsrespor
1159 2540 1266 2589 Sueten.
1284 2540 1311 2589 iu

207 2622 236 2667 et
254 2616 360 2681 predici
371 2616 449 2667 etiarn
460 2611 739 2685 possiutjqnseumque
778 2617 837 2666 'lito
847 2620 872 2665 2.
884 2617 917 2665 de
929 2616 1098 2665 Britannico:
1115 2617 1123 2643 ‘
1136 2616 1196 2667 Quo
1205 2615 1312 2679 quidem

208 2692 369 2743 arteidtist.
397 2698 399 2701 '
779 2691 1312 2757 temporeaiuutMetoposcopumaNar·

238 2768 300 2817 Sive
319 2772 411 2829 regant
429 2774 500 2817 astra
519 2769 739 2835 vitum,sivetau-
778 2770 845 2819 cisso
868 2767 970 2819 Claudii
993 2767 1089 2817 liberto
1111 2766 1266 2829 adhibitum,
1282 2772 1313 2817 ut

207 2850 264 2893 tum
284 2848 424 2907 sequautur
442 2855 542 2907 cartura,
563 2846 669 2894 auteint
680 2847 738 2909 ipsa
779 2844 957 2893 Britannicum
979 2842 1131 2906 inspiceret,
1158 2842 1312 2892 constantis-

206 2919 383 2981 intercursus,
394 2924 438 2968 aut
451 2932 569 2969 connexu
580 2935 637 2969 cum
646 2922 738 2985 causis,
777 2920 841 2969 sime
860 2918 1011 2982 affirmasse,
1031 2920 1104 2969 illum
1119 2918 1224 2983 quidem
1239 2919 1312 2968 nullo

206 2990 575 3045 etsimuliudiceuteffectus.
608 2996 737 3047 Quocum·
777 2995 863 3057 modo,
872 3002 989 3045 ceterum
999 2994 1218 3059 Titum‚qnituue
1227 3008 1311 3058 prope

206 3083 257 3136 que
278 3068 364 3131 modo,
390 3076 477 3119 tamen
500 3069 665 3120 destinantur
685 3086 736 3134 res,
778 3070 886 3132 astabat,
897 3070 986 3135 tique
996 3069 1198 3134 imperaturum!

206 3144 427 3211 presciuuturque
437 3162 451 3195 a
463 3147 625 3211 peritissimis
637 3147 738 3198 Mathe-
811 3146 865 3195 Per
875 3146 991 3195 carmina
1009 3151 1120 3209 vetusta,
1134 3160 1181 3210 per
1192 3141 1314 3197 sacerdo·

204 3223 316 3275 maticis.
348 3223 540 3285 Sicimperium
550 3221 655 3273 Tiberio
672 3238 737 3287 prar-
778 3226 829 3284 tes,
842 3236 889 3285 per
901 3229 974 3271 rates
993 3218 1121 3285 faeminas,
1139 3236 1187 3284 per
1198 3216 1313 3286 oracula,

205 3298 274 3347 dixit
292 3297 447 3363 Thrasyllus,
465 3300 501 3347 sic
513 3298 612 3348 Neroni
622 3299 737 3363 ejusdem
777 3312 826 3362 per
837 3306 930 3362 sortes,
938 3314 986 3361 per
995 3298 1102 3362 somnia,
1111 3314 1160 3364 per
1170 3300 1228 3364 ipss
1236 3296 1313 3352 min-

205 3374 335 3438 Thrasylli
346 3373 421 3437 filins,
432 3374 486 3438 qui,
498 3380 610 3436 utputo,
627 3382 654 3423 et
674 3388 738 3437 prae·
777 3376 855 3424 cula:
873 3376 934 3440 quid
945 3376 1049 3424 dicam?
1071 3382 1128 3425 toto
1147 3374 1223 3439 ereio,
1240 3368 1313 3427 totis·

205 3449 274 3501 dixit
292 3448 455 3514 Agrippinae,
478 3450 665 3513 imperaturum
693 3448 740 3499 tili-
777 3464 828 3513 que
848 3450 910 3500 fatis
932 3452 1137 3501 monstrantibus
1156 3450 1313 3516 principem,

206 3540 258 3586 um,
269 3531 297 3573 et
309 3525 451 3573 occisurum
463 3530 581 3574 matrem.
777 3527 856 3575 immo
875 3527 930 3590 ipso
950 3542 1075 3577 consensu
1096 3526 1176 3589 orbis,
1195 3526 1265 3577 sama
1281 3536 1312 3579 et

239 3598 246 3631 ¹
263 3599 319 3647 Nou
329 3600 453 3664 eximitur]
468 3600 500 3649 ld
512 3606 562 3662 est,
573 3615 623 3650 uon
633 3600 739 3651 obstant
777 3601 899 3664 opinione
922 3604 1035 3652 omnium
1059 3603 1215 3666 mortalium,
1237 3605 1312 3657 vetut

204 3676 272 3738 hec,
290 3674 352 3738 quin
370 3675 499 3740 plerisque
516 3678 662 3727 mortalium
679 3693 739 3727 veu-
778 3675 885 3727 afflante
896 3679 1010 3727 numine.
1032 3678 1310 3743 Reputaqnidetium-

206 3758 266 3803 tura
287 3748 425 3814 suturaque
442 3750 612 3817 destinentur,
630 3754 738 3817 genitali
778 3766 839 3801 uum
850 3758 929 3817 agant
952 3754 1077 3817 Chaldaei,
1093 3770 1140 3803 sen
1157 3755 1227 3819 Magi
1238 3758 1310 3819 apud

204 3830 278 3879 ltora.
366 3834 368 3839 '
777 3828 917 3879 Persarum
938 3830 1023 3893 Reges
1039 3830 1167 3895 hodieque
1177 3830 1309 3885 florentes.

238 3912 256 3938 ¹¹
272 3902 422 3965 Duratium]
448 3901 507 3952 Hoc
532 3902 589 3952 loco
613 3904 738 3968 iutelligit
810 3911 823 3937 ¹¹
839 3906 1143 3975 Autipusoetusetsostru]
1167 3901 1310 3971 Imperium

205 3982 339 4045 precipue
350 3980 559 4043 ttathemsdcos
570 3980 615 4045 qui
625 3988 737 4032 ventura
758 4004 761 4009 ·
777 3982 924 4045 praedixere
930 3981 1231 4046 Augustoltlatlrematiei
1238 3987 1310 4049 apud
1367 4048 1370 4051 ⁴

206 4058 356 4121 praesciunt.
388 4056 513 4107 Attamen
521 4056 681 4122 aliterquam
689 4072 737 4121 per
777 4056 954 4121 Apolloniam
973 4058 1136 4125 etAgrippae
1154 4060 1312 4125 potentiam,
1360 4064 1363 4068 ’

205 4131 343 4183 chaldeos
352 4138 382 4183 et
393 4130 592 4183 Mathematicus
600 4126 736 4197 imperium
776 4142 805 4185 et
813 4135 917 4187 Tiberio
929 4136 1097 4201 Thrasyllus,
1113 4136 1183 4188 idern
1190 4134 1312 4204 inrupi·
