2975 4784
224 331 313 402 1⁰88
575 343 609 394 0.
633 343 819 395 CORNELII
842 343 974 394 'l'AGl‘l'l
1166 349 1213 416 [Α.
1224 351 1259 403 U.
1271 355 1333 404 ΒΜ.

265 495 320 558 17.
344 489 411 554 His
425 493 525 572 atque
537 489 663 554 talibus
686 507 824 570 magnes
846 487 963 572 copias
990 487 1147 571 coegere:
1171 508 1231 555 nec
1246 511 1334 576 pau·

150 661 157 672 ,
223 595 331 660 riores
343 594 499 656 Italicum
511 593 750 675 sequebantur:
774 592 1126 674 ‘nonenimirrupisse
1141 593 1331 673 adiuvitos,

224 695 284 760 aed
298 693 462 772 accibrm,’
484 695 731 758 memorabant:
755 694 913 776 ‘quando
934 694 1110 758 nobilitate
1132 701 1259 760 ceteros
1275 713 1336 759 an·

223 798 331 873 teiret,
346 797 500 860 virtutem
525 797 763 878 experirentur,
788 815 831 858 un
855 795 993 876 dignum
1021 817 1056 858 se
1080 805 1200 879 patruo
1222 795 1336 859 Armi·

222 898 291 975 uio,
315 916 380 961 avo
402 897 595 962 Cattumero
622 897 804 978 preberet:
836 915 898 960 nec
923 902 1054 978 patrem
1083 897 1218 973 rubori,¹
1241 895 1332 980 quod

224 999 322 1063 fidem
345 1000 507 1064 adversus
532 999 715 1076 Romanos
738 999 937 1084 volentibus,
950 997 1155 1074 Germanis,'¹
1177 1003 1332 1075 sumtern,

224 1120 395 1183 nunquam
415 1103 599 1166 omisisset:
621 1100 707 1164 falso
732 1101 895 1163 libertatis
919 1099 1118 1163 vocabulum
1140 1097 1273 1162 obtendi
1289 1098 1332 1162 ab

224 1199 279 1280 iis,
290 1202 350 1286 qui
364 1203 519 1286 privatim
533 1204 735 1285 degenercs,⁰
749 1203 783 1264 iu
798 1200 971 1283 publicum
986 1200 1133 1275 exitiosi,
1150 1199 1232 1261 nihil
1244 1199 1333 1282 spei,

225 1306 291 1369 nisi
305 1327 364 1392 per
377 1307 575 1384 discordias,
597 1303 761 1370 habeant!
804 1301 1008 1388 Astrepebut
1030 1303 1121 1366 huic?
1142 1301 1252 1365 alacre
1264 1301 1336 1365 vul·

226 1391 306 1488 gbs;
329 1413 362 1471 et
384 1427 516 1489 magno,
538 1408 621 1472 inter
641 1407 815 1482 barbaros,
840 1406 959 1488 praelio
982 1405 1090 1467 victor
1114 1401 1211 1482 Rex3
1237 1402 1335 1465 dein¹

235 1583 241 1594 ·
260 1555 309 1605 ltu
319 1560 388 1619 utque
396 1555 511 1605 similibus
520 1555 597 1604 dictis
609 1555 716 1616 ingentes
726 1556 805 1618 cupias
815 1560 961 1604 contraxere.
996 1555 1047 1602 Nec
1068 1553 1169 1602 misma
1188 1551 1277 1602 Italam
1287 1565 1335 1599 sec·

225 1621 348 1684 talcstar,
363 1621 448 1684 quippe
458 1619 602 1679 jactabam
618 1632 669 1666 non
681 1633 739 1667 eum
750 1621 855 1668 irruisse
878 1618 911 1666 ad
921 1618 1024 1676 invitor,
1045 1616 1091 1666 sed
1104 1617 1256 1666 accersitum
1268 1616 1337 1664 ultro

227 1686 261 1733 ab
272 1685 349 1746 ipsis:
367 1682 572 1749 quandoquidem
591 1683 745 1732 claritudine
758 1683 846 1746 stirpis
866 1683 928 1731 alios
939 1683 1118 1741 antecelleret,
1129 1679 1272 1742 probarent
1284 1679 1335 1726 sor-

228 1748 376 1810 titudinem,
387 1763 418 1796 an
430 1763 459 1796 se
479 1749 584 1811 dignum
601 1747 736 1794 exhiberet
759 1755 851 1804 patruo
864 1744 989 1804 Arminio,
1006 1750 1029 1791 et
1040 1757 1088 1791 nvo
1111 1744 1269 1802 Catnmero;
1287 1755 1337 1791 nee

226 1819 362 1874 parentem
374 1812 410 1861 illi
430 1812 551 1860 dedecori
563 1825 630 1864 esse,
645 1805 714 1881 quod
728 1821 857 1882 uunquam
869 1808 984 1855 exuisset
995 1805 1082 1866 tidem,
1092 1821 1168 1870 quarn
1177 1807 1255 1854 semel
1272 1819 1337 1868 erga

115 1911 121 1920 .
227 1876 355 1923 Romanos
365 1878 527 1934 susceperat,
539 1871 676 1920 Germanus
685 1871 908 1919 consentientibus
919 1886 925 1917 z
943 1868 1050 1922 subdole
1058 1877 1085 1918 et
1095 1883 1229 1932 perperam
1239 1883 1334 1919 nomen

226 1938 357 1987 libertatis
370 1935 503 2000 prescribi
520 1935 553 1984 ab
565 1935 605 1994 iis,
617 1935 662 1998 qui
675 1934 796 1999 privatim
804 1934 947 1997 degeneres
958 1941 986 1982 et
998 1933 1099 1996 publice
1112 1933 1269 1992 exitiabiles,
1277 1933 1337 1980 nul·

226 2003 279 2052 lam
290 2015 363 2063 spem
381 2001 504 2059 babeant,
523 1999 572 2046 nisi
591 1999 662 2046 inter
678 1999 858 2048 dissensiones.
891 1997 957 2046 Huic
968 1998 1025 2046 leta
1044 1997 1110 2060 plebs
1128 1997 1293 2060 applaudebat,
1310 2003 1336 2045 et

226 2066 330 2128 ingerrtl,
341 2070 368 2113 at
378 2065 442 2113 ister
454 2065 592 2125 Genuam,
603 2063 740 2123 cataniae,
752 2078 798 2112 ree
805 2063 927 2126 superior.-
942 2061 998 2110 esis
1008 2061 1077 2110 relat
1083 2061 1202 2125 prosperis
1212 2061 1337 2120 insuam

692 2157 839 2176 ‘’mmed
843 2157 871 2176 u

260 2230 274 2273 l
291 2223 407 2273 Slcblss.
418 2223 489 2271 Flor.
499 2221 560 2285 dgr.
576 2229 603 2271 et
615 2222 695 2270 editio
707 2222 826 2286 princeps
842 2223 950 2286 aliaeque
971 2222 1086 2285 optimae.
1119 2220 1152 2271 ln
1174 2220 1241 2270 Mss.
1261 2217 1337 2267 Harl.

228 2287 370 2338 llodl..les.
381 2297 410 2334 et
421 2287 592 2345 Puteolanus,
603 2301 644 2335 ree
651 2292 743 2348 petrem
752 2287 787 2334 illi
798 2285 878 2335 rubori
886 2301 943 2347 esse,
953 2301 1029 2350 qnam
1038 2286 1177 2336 lectionem
1189 2284 1338 2335 Gronovius

229 2357 326 2408 sarran,
336 2357 365 2398 et
372 2351 540 2414 Bythias—a
556 2351 623 2400 blss.
634 2351 710 2399 Bodl.
721 2357 750 2400 et
760 2350 867 2400 Puteol.
879 2352 971 2412 deltae,
983 2351 1076 2414 quibus
1092 2352 1223 2400 consentit
1236 2351 1340 2400 Grono-

228 2414 460 2477 viusetllyckius.
493 2415 582 2464 Ceteri
601 2422 629 2464 et
646 2415 737 2477 optimi
756 2415 819 2464 dein.
853 2415 967 2465 Brotier.
1332 2422 1336 2430 “

731 2511 838 2563 NOTAE

156 2647 162 2652 ⁴
262 2591 373 2641 Velleda
384 2597 414 2641 et
428 2590 538 2640 Aurinia
547 2591 660 2654 virgines
671 2591 697 2639 in
707 2589 762 2639 edi·
801 2591 944 2654 Arminius,
954 2606 1012 2642 cum
1022 2591 1234 2641 Varumoccidit.

229 2668 264 2717 tls
282 2665 398 2716 turribus
416 2665 562 2716 reddebant
583 2667 696 2729 oracula,
715 2666 761 2715 sed
834 2667 919 2717 Fidem
929 2667 1041 2716 ndrersm
1061 2667 1188 2729 Romanos,
1207 2665 1337 2716 uolentibus

228 2756 280 2792 non
295 2743 366 2806 ipsas
387 2742 600 2792 Deasfsciebant
617 2741 760 2801 Germanl;
803 2741 942 2804 Germanis]
974 2741 1053 2791 Haud
1075 2741 1160 2802 dubie,
1183 2755 1232 2804 per
1251 2740 1337 2790 foedus

229 2818 344 2882 quamvls
366 2819 429 2881 ipsis
458 2817 556 2880 aliquid
588 2815 703 2865 divinum
725 2816 763 2863 in·
802 2816 948 2880 publicum,
968 2823 996 2866 et
1007 2817 1073 2867 inita
1082 2818 1207 2867 societate
1217 2833 1275 2866 rum
1286 2819 1337 2866 Ro-

230 2907 286 2942 esse
299 2892 446 2942 crederent.
488 2890 583 2955 ltaque
594 2891 638 2938 Dil
651 2889 688 2937 illi
698 2890 764 2944 Pon,
803 2892 893 2956 mauis,
914 2891 991 2942 fidem
1010 2907 1062 2942 non
1075 2899 1193 2956 ,eruerat
1215 2893 1338 2954 Flavius;

229 2974 281 3019 sta
309 2969 408 3032 publici
433 2969 630 3029 Germanomnr,
665 2972 695 3013 ut
732 2971 760 3014 et
804 2973 831 3018 et
842 2968 887 3018 diu
898 2977 1026 3018 meruerat
1039 2969 1064 3017 in
1077 2969 1168 3018 eastris
1179 2967 1257 3017 Rom.
1269 2975 1338 3018 utet

230 3045 336 3106 publice
347 3046 450 3094 Penates
460 3044 540 3093 etiam
559 3041 680 3092 Romanis
692 3042 761 3090 cole·
804 3043 914 3107 ipsemet
924 3043 1054 3093 Amninius
1065 3061 1071 3103 ;
1084 3045 1198 3108 quamvis
1207 3045 1257 3092 iste
1268 3049 1338 3108 post·

232 3119 335 3168 bantur.
802 3135 833 3168 ea
869 3120 1030 3170 Germanica
1054 3119 1185 3168 libertatis
1221 3124 1336 3168 assertor

244 3203 274 3228 -'
291 3196 377 3246 Fidem
396 3199 508 3245 adsersus
521 3196 644 3255 Romanos,
663 3194 761 3243 tolenti-
802 3195 926 3256 suscitet
938 3197 1052 3260 legiones
1064 3195 1125 3244 van
1138 3195 1274 3244 deleverit.

228 3272 271 3321 bas
292 3271 429 3333 Germanis]
456 3272 567 3320 Publice
596 3271 681 3320 foedus
710 3273 763 3320 ice·
834 3271 1126 3334 ‘’Primtr'mdegmcres]
1154 3269 1196 3319 Ab
1209 3271 1337 3320 avisano-

230 3352 290 3396 raut
306 3346 431 3397 Germani
452 3357 511 3393 cunr
540 3346 673 3405 Romanis,
695 3345 763 3393 datis
802 3347 905 3398 bilitate
924 3347 1076 3410 degeneres,
1097 3353 1124 3395 et
1142 3361 1189 3409 per
1207 3343 1336 3396 sac-tiones

229 3425 398 3486 acceptisque
409 3421 489 3471 certis
505 3419 709 3481 conditionibus;
725 3422 763 3468 in·
802 3437 832 3471 nc
844 3422 996 3485 discordias,
1008 3421 1153 3472 Germaniae
1167 3436 1219 3470 rute
1240 3420 1334 3470 exitia·

230 3505 272 3547 ter
291 3513 363 3563 quas,
383 3507 414 3547 ut
439 3497 503 3546 socii
527 3503 615 3546 essent
636 3497 761 3546 Germani
801 3496 880 3558 biles;
901 3498 941 3546 vel
962 3497 1021 3560 quia
1038 3497 1085 3560 ipsi
1102 3495 1165 3545 fidei
1183 3496 1335 3559 violatores,

230 3572 277 3632 illi,
289 3578 317 3620 et
328 3573 430 3634 auxilia,
449 3587 542 3637 nempe
554 3573 624 3621 viros
643 3578 671 3620 et
691 3585 762 3620 anna
801 3573 826 3619 in
842 3587 892 3635 quo
913 3574 1024 3622 maxime
1047 3573 1190 3635 degeneres
1209 3586 1224 3619 a
1247 3571 1335 3634 prisca

230 3645 388 3711 preberent.
801 3647 967 3710 simplicitate
979 3657 1006 3696 et
1018 3645 1068 3696 tide
1089 3646 1251 3696 Germanica.
1285 3647 1336 3696 Le·

262 3721 333 3771 ffinc
343 3719 451 3783 iactum,
461 3725 499 3782 nt,
509 3733 635 3768 consensu
654 3721 762 3768 Germa·
803 3723 857 3786 gari
872 3723 918 3772 sub
930 3723 1034 3772 Nerone
1044 3723 1150 3770 Romam
1159 3721 1237 3784 missi,
1254 3723 1334 3772 ‘an-

229 3794 385 3855 norum,diu
397 3795 525 3844 incastris
543 3795 666 3842 Romanis
678 3809 762 3844 mern-
803 3799 842 3847 los
862 3799 1008 3847 mortalium
1031 3797 1109 3846 armis
1133 3805 1180 3846 aut
1201 3795 1253 3845 tide
1273 3803 1333 3858 ante

229 3874 299 3924 erint
326 3871 402 3922 ambo
434 3869 540 3930 fratres,
575 3869 761 3921 Cheruscorum
802 3876 945 3925 Germanos
957 3873 1031 3937 esse,'
1048 3873 1193 3937 praedicant
1203 3872 1271 3937 apud
1282 3871 1333 3922 Ta·

229 3948 370 4012 principes,
382 3948 484 3997 Flavius
496 3945 669 4007 cenimina,
681 3947 760 3998 duces
802 3953 882 4002 citum
894 3953 913 4000 l.
927 3965 988 4000 nni.
1007 3951 1077 3999 circa
1089 3947 1174 3998 finem.

231 4026 393 4088 popularium
405 4039 517 4074 suorum.
551 4023 761 4074 Flavinsrnansit
833 4027 1004 4090 ”Astrepebut
1024 4025 1089 4088 lule]
1122 4025 1226 4087 Nempe
1244 4023 1285 4074 his
1307 4029 1335 4074 et

231 4097 760 4165 infidesemelsuscepta,vulentibuspo·
801 4101 896 4152 talibus
918 4103 997 4152 dietis
1020 4100 1176 4166 auditisque,
1197 4099 1268 4150 Italo
1290 4113 1335 4165 ap-

231 4176 363 4239 pularibns
390 4179 543 4240 Germana,
569 4184 597 4229 at
624 4178 762 4230 rebellavit
801 4177 943 4243 plaudebat
954 4174 1046 4242 vulgus
1054 4178 1148 4228 alacre.
