2975 4784
241 355 308 430 788
600 371 635 425 c.
656 373 836 426 conunnn
861 375 988 424 rsctrr
1186 375 1346 443 [sums.

241 523 311 588 lum
332 521 527 588 extremum'
553 516 742 608 monnio
763 520 922 602 accessit;
948 519 1002 584 bis
1026 519 1239 597 deditionem,
1268 519 1347 584 aliis

242 628 393 700 mortem,
407 627 442 687 et
459 625 591 686 mutuos
609 622 691 685 inter
713 641 752 686 sc
769 621 856 686 ictus
880 621 1094 705 parantibus:
1116 626 1150 685 et
1171 627 1273 698 eraut,
1288 621 1347 703 qni

243 729 254 758 ‘
270 744 334 789 nou
347 723 487 788 inultum
499 721 649 799 exitium,
664 716 724 786 s'ed
737 721 952 806 eruptionem'
972 721 1160 800 suaderent,
1176 740 1282 805 neque
1296 723 1347 804 ig·

140 881 144 887 .
240 826 382 905 nobiles,
395 826 550 908 quamuis
564 823 686 888 diuersi
699 824 885 889 sententiis.

240 984 248 993 .
284 930 339 994 50.
359 927 488 993 Verum
506 948 526 992 e
549 926 703 992 Ducibus
718 926 829 1006 Dinis,
845 934 1022 1011 provectus
1037 933 1182 1005 senecta,
1196 931 1230 990 et
1247 925 1348 1009 limgo

240 1051 309 1096 usu
332 1030 399 1096 rim
421 1036 522 1113 atque
547 1029 755 1096 clementium
779 1028 967 1094 Romanam
990 1029 1141 1106 moetus,
1167 1027 1349 1112 ‘ponenda

241 1152 345 1210 arma,
359 1152 463 1198 uuum
475 1129 609 1196 afflictis
626 1130 662 1196 id
681 1130 883 1208 remedium,’
907 1131 1103 1196 disserebat.
1148 1131 1349 1213 Primusque

242 1256 280 1300 se
293 1255 370 1300 cum
383 1233 525 1318 conjuge
539 1241 573 1298 et
586 1232 832 1300 liberisrictori
846 1234 1011 1317 permisit:
1035 1233 1142 1298 secuti
1165 1239 1264 1297 aetate
1286 1237 1349 1296 aut

242 1357 329 1402 sexu
346 1335 516 1412 imbecilli,
533 1340 567 1400 et
583 1333 708 1418 quibus
728 1333 835 1419 major
855 1336 934 1401 ritae
956 1353 1056 1418 qnam
1076 1335 1188 1417 glorian
1209 1333 1347 1418 cupido.

242 1439 291 1504 At
301 1438 457 1524 juventus
470 1436 614 1501 'Persam
627 1437 711 1500 inter
721 1441 755 1500 et
764 1435 918 1500 Turesim
929 1435 1190 1500 distrahebatur:
1213 1437 1348 1519 utrique

242 1539 453 1616 destinatum,
468 1557 543 1603 cum
556 1536 721 1604 libertate·
741 1538 911 1602 occidere:
933 1537 992 1602 sed
1011 1535 1121 1602 Tarsa
1142 1543 1350 1621 ‘properum

241 1641 353 1719 tinem,
368 1637 612 1722 abrumpendas
625 1638 750 1722 pariter
763 1657 843 1722 spes
858 1659 899 1703 nc
919 1644 1036 1716 metus,
1052 1640 1239 1717 clamitans,
1254 1639 1351 1704 dedit

241 1741 444 1824 exemplum,
458 1739 606 1804 demisso
617 1739 652 1803 in
665 1725 783 1824 pectus
796 1743 899 1806 ferro:
921 1761 985 1805 nec
996 1741 1141 1818 defuere,
1156 1741 1215 1825 qui
1229 1740 1350 1806 eodem

242 1843 357 1909 modo²
369 1846 575 1927 oppeterent.
618 1839 768 1906 llinrcsis'
785 1863 848 1908 sua
864 1861 940 1906 cnm
954 1859 1053 1908 manu
1067 1849 1199 1908 noctem
1213 1841 1350 1927 opperi-

241 2045 338 2096 esiseru
349 2041 534 2098 aediiostibasr
549 2045 574 2090 rt
590 2045 659 2089 eruat
676 2040 717 2104 qai
727 2045 846 2090 murat
861 2054 910 2089 uon
930 2039 1091 2092 incruentam
1102 2045 1213 2090 mortem
1225 2039 1289 2104 pati,
1299 2039 1349 2092 sed

241 2121 378 2171 erumpere
396 2107 422 2155 iu
440 2105 545 2166 bostes3
565 2119 638 2167 arque
656 2103 683 2151 li
701 2120 713 2152 e
730 2106 810 2167 meo,
827 2107 870 2169 qui
887 2105 930 2152 ilia
940 2104 1097 2166 sentiebant,
1107 2104 1162 2154 licet
1177 2106 1270 2155 deun
1280 2108 1351 2156 ruodo

239 2175 385 2286 dudm&
392 2234 463 2282 daces
473 2232 547 2283 Diris
556 2231 746 2294 ermegundis,
757 2236 782 2282 et
792 2232 906 2280 distem
921 2232 1076 2296 eaprriestis,
1081 2231 1222 2310 puralium,
1233 2239 1256 2282 et
1266 2233 1352 2299 bertig-

242 2302 342 2350 sitatess
361 2299 495 2348 nomm
512 2301 632 2359 expertas,
648 2296 756 2346 tenebat
772 2296 956 2346 discedendum
972 2297 1005 2346 ab
1023 2310 1109 2362 armis,
1120 2310 1197 2346 unam
1215 2311 1271 2346 earu
1290 2312 1351 2351 esse

242 2363 319 2415 victis
331 2362 519 2425 prostratisque
529 2363 638 2413 salutern
648 2377 656 2421 ;
673 2364 698 2409 et
705 2361 798 2424 prinus
805 2375 831 2410 se
840 2361 923 2410 uictori
931 2361 1030 2424 dedidit,
1035 2377 1083 2410 sss
1091 2377 1142 2410 saus
1151 2375 1225 2410 asses
1235 2367 1260 2410 et
1268 2365 1353 2425 prole.-

240 2429 314 2488 ilium
331 2426 422 2476 irritati
432 2433 493 2475 suut
507 2425 548 2489 qai
564 2439 607 2488 per
615 2429 720 2484 mess,
729 2429 773 2473 sat
781 2428 857 2486 ¹gestura
872 2426 1064 2486 cetetonem,
1074 2431 1098 2474 et
1108 2427 1190 2489 quibua
1200 2425 1278 2484 saqias
1286 2429 1351 2478 desi·

240 2491 331 2542 derisas
338 2491 431 2550 salatia,
440 2489 619 2562 qundecorig.
651 2489 809 2548 sujum
821 2489 988 2563 dieidstastsr
1002 2491 1065 2540 ister
1081 2491 1219 2551 Priamum
1232 2491 1350 2556 tmen,

239 2550 989 2681 “wts:ttitt,t‘tz‘ttttttttbm
999 2554 1351 2680 battitiis:

240 2635 404 2746 {ibina
412 2679 568 2742 mycena·
584 2633 1111 2742 seffsmcunsmstiim.
1135 2657 1352 2749 manime

719 2792 881 2813 noenum

336 2894 348 2941 l
366 2885 904 2954 bialletlipsiur,staloraraestrcstasr.-2
923 2889 1070 2941 Gronovius
1080 2889 1253 2942 omisitssodu.

735 3031 846 3086 NOTAE

239 3133 331 3196 turra,
341 3127 431 3198 paean
440 3126 529 3198 impu
538 3133 703 3184 ancienne
809 3135 974 3198 parronae
989 3129 1121 3200 undum
1133 3137 1177 3203 qu
1191 3137 1225 3188 aa
1242 3125 1299 3190 enm
1318 3139 1348 3192 n·

271 3209 393 3260 *Maus
414 3215 545 3259 abrasus
563 3209 693 3273 dimrdid
717 3206 772 3261 Ne·
814 3211 881 3262 berta
899 3215 952 3264 suta
974 3215 1119 3279 patrieque
1141 3217 1348 3270 cmserrudasn

239 3285 536 3350 quenollem,rssiorasr
551 3291 689 3335 almus.
722 3286 772 3336 Ce·
811 3287 973 3349 moriuntur3
996 3303 1049 3338 csas
1067 3289 1186 3352 tiburte,
1202 3291 1247 3356 qui
1269 3291 1347 3344 siasni

238 3369 322 3412 terum
345 3359 377 3409 ad
400 3359 480 3411 vitam
502 3369 532 3410 et
552 3375 627 3411 asum
656 3363 773 3412 notanda
812 3365 1078 3417 cumillainterennt.
1111 3367 1154 3418 Sic
1171 3383 1216 3432 pra
1235 3368 1348 3422 tiiertsts

239 3450 350 3502 gneum
368 3451 445 3501 quaro
454 3433 566 3486 affinuat
574 3437 635 3486 item
645 3436 770 3500 Polybius
810 3441 905 3490 mortui
916 3450 985 3506 sunt,
995 3443 1039 3506 qui
1050 3441 1347 3512 aduersus'larquinins‚

237 3513 257 3562 t.
274 3527 302 3562 r.
322 3513 516 3565 ‘Quamobrem
534 3513 696 3576 suspicionis,
711 3528 771 3564 ecn-
810 3515 983 3580 Porsennam,
999 3519 1129 3583 Pyrrbm
1146 3531 1345 3586 pugnaverantr

238 3587 692 3652 tentionis‚iroeomniaplenaersut.
710 3589 769 3640 Hoc
808 3605 862 3642 essa
880 3593 1002 3655 libertate,
1018 3595 1182 3658 Numantini,
1195 3598 1346 3662 Saguntini,

238 3662 305 3712 enisu
316 3663 381 3712 etin
392 3663 503 3726 publicis
518 3672 546 3712 et
559 3664 587 3713 iu
600 3665 712 3727 privatis
731 3679 770 3716 re·
809 3673 838 3718 et
855 3669 909 3718 alii·
942 3670 1047 3722 Tacitus
1065 3671 1241 3735 significanter
1259 3673 1343 3726 disits

238 3736 287 3788 bus
307 3753 356 3788 usu
378 3739 466 3788 renirs
488 3740 564 3802 solet,
583 3755 643 3790 cum
664 3741 771 3804 incepta
807 3743 1161 3810 mideuumtdenace
1175 3756 1286 3810 ceques
1302 3765 1345 3802 sn·

238 3820 327 3866 noatn
338 3811 463 3864 deserunt
471 3828 604 3866 successus
614 3825 642 3866 et
650 3817 769 3868 sumtns.’
809 3833 915 3882 perosae
927 3821 1049 3873 libertati.
1083 3823 1167 3874 Simili
1176 3837 1251 3875 semu
1264 3839 1345 3891 aspra

239 3887 307 3940 lirec
319 3891 389 3955 talia,
399 3890 512 3956 quisquis
525 3891 563 3940 sir
574 3907 613 3956 es,
621 3891 733 3943 observa
741 3901 771 3944 et
809 3905 841 3946 ts.
853 3901 892 3946 lo.
908 3897 1027 3948 ‘Tenere
1043 3899 1204 3962 libertatem,
1219 3907 1266 3951 aut
1274 3903 1344 3954 sassi

238 3964 353 4030 decerpe
374 3968 457 4017 serios
474 3967 638 4018 bistoriaruss
659 3967 770 4022 fructus.
809 3978 871 4023 aute
887 3974 1046 4026 servitium?
1063 3974 1111 4026 boc
1130 3983 1181 4037 est,
1197 3974 1344 4030 defendere

238 4039 344 4104 Lipetss.
808 4045 967 4111 libertatern,
981 4056 1027 4101 aut
1041 4050 1117 4099 simul
1133 4065 1194 4101 cunr
1211 4065 1243 4101 ea
1260 4065 1344 4117 eppe·

270 4122 282 4149 a
298 4119 490 4184 Cassiibertcte]
505 4121 628 4183 Quidam,
641 4134 685 4184 pro
700 4116 771 4170 liter·
809 4127 875 4172 tere.
899 4123 1008 4174 Fruiaat.

238 4193 297 4243 iste.
333 4193 388 4244 ded
406 4209 529 4262 maguum
549 4196 687 4248 discdm
708 4205 769 4248 estc
841 4191 971 4262 rltsreais]
987 4199 1061 4250 lneo
1079 4197 1344 4266 mutuabant,
