2975 4784
261 339 328 408 7⁰6
630 349 663 400 o.
685 344 868 399 oonnrtrt
891 343 1020 396 rectu:
1204 346 1368 412 [attere.

258 496 546 584 gmdeexmfflua
559 500 690 579 septem
702 509 764 578 per
774 507 881 574 annor
893 490 1088 568 moderator,
1096 490 1268 574 partisque
1276 488 1369 576 apud

257 600 478 667 Germaniam
487 591 1001 682 triumphalibus‘Saeroririani‘
1013 593 1092 656 belli
1102 593 1222 669 victor,
1237 600 1367 676 quanto

167 769 174 778 ,
259 701 390 787 majore
404 698 504 766 malet
518 696 715 784 procideret,
734 695 811 778 plus
832 694 1018 759 formidinis
1036 695 1072 756 in
1094 693 1368 778 alioadiepergo'·

262 807 369 870 batur.
413 785 599 866 Credebant
613 797 774 880 plerique,
796 799 927 859 nooman
947 793 1158 858 offensionem
1181 796 1290 878 ipsine
1314 795 1368 860 ln·

262 903 492 990 temperantia,
505 899 681 964 immodice
694 897 870 981 jactantia,
897 900 1022 960 ‘auum
1046 897 1186 962 militem
1211 898 1246 962 in
1266 897 1368 962 oboe-

263 1006 343 1089 quio
358 1003 540 1079 duravisse,
557 1019 632 1064 eum
644 999 703 1062 alii
719 996 763 1062 ad
778 997 957 1062 seditiones
969 996 1232 1080 prolaberentur:
1257 1017 1369 1083 nque

235 1169 238 1172 .
259 1123 451 1171 mansurum
465 1101 602 1166 'liberio
615 1099 801 1182 imperium,
817 1099 906 1164 sitis
920 1116 1053 1181 quoque
1070 1099 1254 1181 legionibus
1268 1101 1370 1184 eupi-

257 1207 308 1273 do
322 1203 467 1272 novandi
481 1199 619 1266 nisset!
664 1201 801 1265 Destrui
814 1219 877 1283 per
890 1200 964 1265 brea
978 1199 1140 1264 fortunam
1162 1199 1267 1265 auami
1286 1201 1369 1267 cae-

263 1328 330 1387 sar,
343 1309 565 1389 imparemque
589 1309 681 1368 tento
704 1305 821 1366 merito
843 1302 984 1365 rebatur.
1027 1300 1119 1365 Nam
1140 1301 1303 1368 beneficia
1325 1319 1370 1366 eo

262 1427 370 1492 unque
382 1407 462 1471 laeta
476 1403 571 1482 sunt,J
585 1405 664 1470 dum
678 1405 832 1470 videntur
855 1401 986 1467 exsolvi
1008 1421 1128 1488 posse:
1150 1404 1209 1469 ubi
1225 1405 1369 1469 multum

260 1504 482 1585 antevenere)K
497 1526 559 1591 pro
575 1509 682 1590 malla
695 1507 811 1571 odium
823 1503 983 1570 :muna
1026 1547 1030 1556 -
1349 1509 1354 1518 “

261 1687 313 1739 que
322 1675 349 1725 ia
359 1675 490 1725 Germania
498 1674 606 1752 Jraagaia
616 1673 730 1740 biumpbt
743 1675 881 1738 adaptaret
896 1685 957 1750 mox
974 1671 1164 1721 Samooirim
1182 1669 1267 1721 bedan
1282 1670 1367 1735 profit·

260 1735 1369 1875 miutttttttittttniuttbttntrumwini:

260 1866 410 1929 inpotentia,
421 1868 605 1930 intemperate:
613 1867 749 1930 gloriantir,
759 1881 818 1915 auae
834 1865 947 1929 legionen
964 1865 990 1912 in
1009 1863 1095 1914 allicio
1112 1871 1141 1913 et
1159 1861 1211 1912 tide
1230 1877 1368 1926 manneae,

263 1943 322 1978 eum
333 1930 377 1979 alil
388 1931 420 1980 ad
433 1930 573 1980 discordiae
585 1937 800 1994 prorumperent:
819 1943 903 1994 neque
915 1929 971 1992 jam
982 1926 1038 1976 fore
1054 1941 1134 1992 penes
1144 1926 1275 1976 Tiberium
1286 1927 1369 1976 domi·

262 1993 403 2056 nationem,
413 1995 434 2044 ei
444 2008 489 2043 rao
501 1995 580 2044 etiem
591 1995 667 2044 auttti
679 1993 803 2062 turbandi
813 1994 893 2042 libido
904 1993 1060 2042 incenderet.
1093 1991 1178 2039 Ererti
1193 2005 1236 2056 per
1252 2006 1279 2040 ea
1289 1990 1344 2050 sart

260 2057 329 2118 giem
339 2073 407 2106 mem
419 2059 501 2107 Gerar
513 2058 633 2122 putabat,
655 2056 839 2123 fortunamque
857 2057 1027 2121 principalem
1042 2054 1108 2115 iasra
1125 2059 1218 2104 tartara
1228 2055 1368 2120 trepidare

263 2135 320 2169 eree
332 2121 506 2170 arbitrabatur:
519 2137 547 2186 qu
613 2123 699 2171 arerita
711 2137 737 2171 ee
746 2123 895 2185 moravam
905 2125 970 2182 ermt,
978 2120 1033 2169 aaa
1041 2119 1136 2181 rependi
1143 2133 1209 2181 parre
1219 2123 1349 2168 credulae
1355 2137 1368 2180 ;

262 2199 314 2233 eum
324 2185 393 2248 laage
403 2199 539 2250 superavere
549 2137 688 2250 monam,
700 2191 755 2235 tum
763 2200 808 2249 pre
816 2185 966 2248 gratitudine
975 2185 1115 2248 rependitur·
1122 2184 1161 2231 ire
1170 2187 1192 2232 et
1205 2182 1312 2246 rofi'mrio.
1349 2187 1357 2199 ’

759 2327 865 2380 NOTAE

260 2439 390 2504 quomodo
408 2439 478 2490 infra
497 2451 535 2491 ιν.
552 2445 593 2492 tt.
610 2441 793 2506 ‘ldpemicir-
833 2449 861 2492 et
872 2441 972 2503 Galim,
983 2437 1194 2505 eaeqmtevtcn.
1350 2499 1356 2518 ἢ

260 2515 314 2565 bile
326 2530 381 2578 reo,
396 2523 424 2566 et
435 2517 524 2567 Caesar
540 2518 606 2566 troci
620 2519 691 2568 vultu
702 2517 792 2567 defen·
864 2516 877 2550 l
894 2519 990 2573 Quarta
1004 2516 1090 2577 armore
1100 2513 1169 2578 aare]
1184 2513 1249 2564 Silio'
1257 2521 1367 2578 prater·

260 2591 358 2641 aionem
376 2591 525 2654 accipiens:
551 2592 630 2642 Addo
648 2607 687 2642 ιν.
705 2591 746 2642 td.
764 2601 793 2643 et
832 2607 865 2657 ee
890 2592 1030 2656 perniciem
1055 2590 1230 2640 meditabatur
1251 2593 1300 2641 bae
1329 2593 1366 2642 de

261 2680 300 2716 vr.
313 2671 353 2716 18.
370 2667 505 2714 Falluntur
524 2681 595 2729 ergo,
607 2668 650 2732 qui
662 2667 739 2717 aliter
752 2668 794 2719 bie
832 2681 919 2728 eausa,
929 2667 990 2731 qnia
1006 2665 1087 2730 ipsine
1101 2666 1185 2728 ruina,
1196 2675 1291 2730 quanto
1304 2683 1367 2732 gre·

259 2739 376 2794 aeribuot
387 2744 433 2788 aut
443 2739 584 2803 explicant.
831 2741 985 2792 rioriutnra
996 2747 1073 2805 earet,
1083 2747 1158 2790 tanto
1172 2741 1295 2804 majorem
1312 2739 1367 2793 iae·

293 2813 518 2878 ‘Partirpreaped
531 2815 684 2866 Germaniam
706 2805 793 2867 iriam·
832 2825 887 2868 tum
906 2817 1002 2868 celeria
1012 2817 1056 2882 qni
1074 2815 1224 2880 Agrippino
1244 2811 1367 2867 faverent

257 2887 377 2953 pbntibnr]
394 2889 480 2940 Grave
489 2898 601 2940 erratum
614 2898 653 2941 eet
664 2893 792 2956 interpre·
831 2893 957 2942 menarum
968 2892 1000 2942 iri
1010 2889 1185 2942 exiatirnabat.

260 2965 302 3025 tie,
314 2964 358 3028 qtri
374 2962 546 3020 direuineima
563 2965 621 3028 duo,
638 2967 792 3029 triumphalia
864 2967 871 3000 ¹
893 2969 993 3018 Dertrei
1011 2983 1056 3031 per
1075 2968 1125 3016 leae
1140 2966 1264 3025 sortem
1285 2963 1365 3030 earu]

259 3040 358 3089 scilieet
377 3041 403 3090 in
426 3041 556 3089 Germania
574 3047 655 3104 parta,
672 3049 700 3091 et
720 3045 792 3092 nicta·
832 3041 999 3093 Haeautem
1017 3043 1144 3092 Carraria
1161 3042 1364 3093 deminutionem

259 3118 321 3166 iiam
333 3117 493 3166 Sacrouiriani
503 3116 557 3166 belli
569 3117 701 3182 conjunxit
712 3135 719 3178 ;
737 3125 791 3168 teu·
831 3122 869 3171 eni
882 3121 980 3184 fastigii
995 3120 1154 3185 recipiebat,
1162 3121 1206 3185 qui
1219 3123 1297 3170 tantia
1309 3123 1364 3186 pri-

261 3208 337 3258 quem
356 3193 390 3242 ob
410 3193 502 3242 bellum
519 3193 726 3243 Sacrovirianum
747 3195 792 3245 trl·
830 3196 1004 3246 ratihominle
1023 3196 1123 3245 merltle
1141 3196 1283 3246 obstrictae
1294 3204 1364 3264 erat,

261 3269 391 3331 umpbalia
403 3269 451 3318 ieta
463 3269 607 3330 acceptaret
619 3269 706 3322 Silius.
739 3271 791 3320 Sed
830 3269 1124 3335 utpareirelerrenon
1136 3279 1232 3336 ponet.

257 3343 427 3409 bracquldenr
438 3351 575 3406 acceperat
588 3344 789 3410 ‹limanteqnam
861 3344 1008 3410 lBeaeyteia
1026 3361 1053 3395 eo
1071 3361 1145 3410 reaque
1161 3348 1215 3396 ioeta
1233 3347 1299 3410 erret]
1315 3349 1364 3398 Se·

252 3419 353 3468 'bellum
381 3418 587 3468 Sacrovirianum
623 3427 788 3480 moveretur:
829 3419 1001 3482 nec.Ep.19.
1018 3421 1142 3483 Etepiet.
1160 3421 1308 3473 ttinfiue.
1325 3425 1363 3474 Et

257 3493 313 3543 rcil.
324 3485 358 3543 o'b
370 3506 411 3542 reu
422 3493 447 3541 in
461 3493 668 3565 Germaniarum
681 3495 788 3544 Germa·
829 3494 863 3543 de
874 3493 962 3544 benef.
975 3498 1055 3545 rm.
1066 3495 1175 3545 ‘Tatina
1184 3503 1225 3546 eet
1235 3497 1362 3562 quaedam

258 3569 316 3617 nico
328 3576 422 3632 gestae,
436 3583 467 3628 ru.
479 3569 519 3617 72.
545 3567 582 3618 At
594 3568 688 3618 bellura
700 3569 789 3618 Sarro-
829 3568 969 3634 offendere,
993 3587 1068 3637 quarn
1092 3572 1263 3623 demernlese:
1285 3588 1363 3638 argu·

255 3641 383 3691 ririanunr
395 3644 420 3691 in
432 3643 518 3692 Gallie
529 3649 612 3692 ortum
624 3650 787 3708 oppressum·
828 3651 944 3695 menmm
963 3646 1026 3696 nibil
1045 3647 1205 3710 debentium,
1216 3648 1275 3697 odio
1289 3641 1363 3713 quae'·

193 3705 204 3716 ”
257 3733 308 3783 que
320 3725 370 3779 ert,
381 3730 425 3766 ιιι.
437 3722 477 3765 to.
489 3725 517 3765 et
528 3721 569 3766 at.
580 3725 606 3766 et
619 3733 689 3784 seqq.
773 3743 776 3748 ·
827 3720 912 3771 titur?
933 3721 1034 3770 Seneca
1054 3721 1361 3786 epiat.1rr.‘0uidarn

252 3807 257 3814 ·
288 3799 301 3835 Ι
327 3791 500 3853 Sarromrtaai]
544 3792 631 3840 Vertit
657 3795 786 3856 interpret
827 3797 1151 3863 qoeplnedebent,magis
1162 3799 1288 3860 oderant:
1301 3801 1362 3853 leue

257 3867 388 3931 Hiepnnua
405 3867 478 3932 quari
495 3867 587 3916 uicerit
606 3867 632 3916 ln
645 3867 787 3919 Gennanl'a
828 3888 863 3923 aa
874 3866 995 3938 alienum,
1009 3873 1154 3925 debitorem
1170 3875 1254 3940 tacte,
1270 3891 1362 3940 grave,

251 3942 427 4006 flamovirnnr,
433 3949 461 3993 et
473 3949 612 4006 propterea
622 3943 787 4006 triumphalia
825 3949 976 3999 inimicum!

255 4017 365 4079 irreiguln
379 4018 516 4080 babuerit;
533 4015 721 4083 quodfalsum:
730 4019 785 4081 jari:
859 4021 871 4056 ¹
891 4025 939 4074 Ubi
955 4029 1056 4076 muttum
1069 4025 1218 4091 antevenere]
1234 4029 1302 4079 Nam
1313 4022 1360 4077 bn.

257 4093 408 4157 triumphali:
423 4095 499 4144 Silius
514 4101 579 4156 erat,
597 4109 656 4145 eum
677 4109 709 4144 ox
720 4095 786 4146 (ler-
826 4097 919 4149 noticia
929 4102 1089 4164 privatorum
1100 4105 1261 4167 principibu:
1271 4119 1304 4156 eo
1316 4101 1360 4155 ne'-

255 4169 785 4234 mentaexpedirltadverrarStemuirum
825 4189 875 4240 quae
896 4183 1009 4242 accepta
1032 4186 1062 4228 et
1079 4185 1156 4244 grate
1183 4184 1255 4245 enat,
1274 4177 1359 4238 doneb
