2975 4784
168 405 308 471 ecus]
532 397 737 450 nnunntuu
763 401 835 448 nte.
858 400 915 450 xr.
1183 389 1278 457 ,1123

168 547 234 611 etsi
255 547 397 630 justum,
412 544 557 610 dolorem
572 542 678 627 pudor
691 541 916 626 impediebat*
959 540 1144 610 Continuus
1158 545 1275 612 debinc

171 647 355 714 cohortium
370 647 503 724 clamor,
521 649 531 680 ‘
545 644 681 708 nomine
695 663 827 708 reorum
841 649 876 707 et
887 643 1020 727 poenes'
1039 645 1275 728 flagitantiumt

170 747 390 832 admotusque
405 747 510 812 Silius
525 747 714 824 tribunali,'
732 764 798 809 non
820 745 1052 824 defensionem,
1073 765 1140 810 non
1161 767 1276 812 mores

171 849 321 926 tenurit,
346 855 514 932 precatus,
543 853 606 912 ‘ut
627 865 716 912 more
741 845 1002 911 acceleraretur!
1045 845 1174 910 Eadem
1198 868 1277 913 con·

169 951 295 1016 annua
316 957 348 1014 et
369 951 510 1014 illustres
532 947 671 1033 Equites
686 947 860 1011 Romanos
873 946 1018 1030 cupidos
1032 953 1171 1012 muturae
1185 950 1277 1013 necis

169 1049 262 1115 tecit.
305 1051 431 1114 Titium
447 1045 639 1125 Proculum,
656 1048 825 1112 custodem
847 1047 978 1112 eSilio³
996 1046 1203 1114 Messallinae
1217 1049 1277 1113 du-

171 1230 433 1293 eereeuadinobatnint,
443 1231 548 1294 qumvis
562 1229 669 1294 legitime
685 1229 769 1278 dolori.
804 1228 872 1278 Deis
889 1229 995 1293 excepit
1011 1229 1149 1290 metinatio
1166 1231 1278 1281 enaiim

168 1295 373 1358 mutuam,
391 1295 588 1358 amrinum
607 1294 734 1344 vocabula
752 1293 895 1354 noxicrum,
913 1299 942 1342 et
959 1293 1105 1356 suppliciat
1121 1296 1279 1358 &dudm

170 1355 286 1408 Μίνω
296 1359 655 1420 ὶήὸιιιιαὶ,ηοιιάἰὶκηιωιίω,
665 1372 711 1406 aea
722 1356 1022 1420 numerari-semiue
1030 1363 1076 1420 ert,
1086 1357 1175 1420 lmine,
1184 1364 1214 1409 ut
1223 1372 1277 1408 nex

170 1419 347 1486 festinaretur,
356 1423 443 1472 cneii.
478 1423 569 1472 Eadm
578 1422 655 1472 etsist
662 1421 779 1484 metenti
789 1421 862 1470 etiner
872 1421 979 1482 bricam
995 1422 1085 1484 equites
1094 1421 1166 1470 Reae.
1178 1427 1205 1471 st
1221 1437 1277 1486 pre-

169 1500 252 1548 paratae
261 1491 360 1538 mertem
370 1491 488 1552 cuperent.
523 1487 615 1551 ltaque
627 1487 684 1550 rapi
693 1483 725 1534 ad
738 1484 902 1549 supplicium'
908 1484 979 1546 jebet
997 1484 1088 1534 littaei
1097 1486 1225 1536 Prostituta
1234 1500 1276 1550 sp·

166 1671 303 1752 'omines
312 1701 532 1752 deibecctertiurs
539 1703 634 1752 cumn.
656 1701 697 1751 Ad
711 1716 786 1751 sures
798 1699 1060 1752 accommodaret—t
1077 1701 1278 1754 BeuePicbena

172 1767 349 1818 exitaFlor.
381 1767 452 1816 Male
463 1766 490 1815 in
500 1766 596 1817 ceteris
608 1766 669 1816 Silio
679 1782 707 1816 ne
718 1767 863 1815 Massiliae
873 1767 965 1816 meat.
996 1765 1109 1817 Brntier.

667 1931 778 1983 ΝΟΜ

203 2052 217 2080 ’
232 2047 315 2096 Pudor
324 2045 476 2110 impeditio]
501 2045 590 2096 Pudor
608 2059 703 2108 nempe
744 2049 773 2093 et
784 2042 988 2107 egebatarsai·
995 2042 1277 2110 prineipisetReipub.

169 2119 262 2187 flagitii
271 2121 405 2172 domestici
410 2121 577 2186 impediebat,
583 2137 616 2172 ne
625 2135 704 2186 qnan-
743 2118 782 2168 sin
791 2117 861 2168 ferte
871 2119 1007 2168 demusin
1017 2125 1089 2169 esset
1097 2133 1113 2169 a
1121 2119 1281 2185 Claudioip·

173 2199 265 2248 turnris
272 2199 372 2261 justum
384 2197 497 2247 dolorem
510 2194 596 2244 verbis
607 2202 704 2245 ctore-
743 2207 773 2243 sn
795 2207 855 2243 cnm
876 2192 1056 2254 ausoribus,
1075 2200 1105 2242 et
1124 2192 1195 2244 forte
1213 2193 1280 2259 ipsis

171 2271 242 2322 none
252 2273 368 2336 longiore
378 2277 560 2335 expromerett
576 2269 602 2318 id
621 2269 659 2319 sic
676 2275 704 2319 et
744 2265 876 2332 prefectis
893 2267 1011 2331 pretorii
1029 2274 1058 2318 et
1075 2269 1186 2319 tribunis
1203 2277 1279 2321 extre

171 2353 240 2398 teate
257 2346 364 2396 Sueten.
379 2345 471 2397 claud.
482 2351 531 2395 uc„
542 2347 552 2373 ⁴
564 2345 704 2396 confirme-
744 2346 869 2407 ordinem,
880 2352 911 2396 ut
921 2345 947 2395 ln
959 2360 988 2394 re
998 2346 1159 2409 gravissime.

170 2423 261 2487 vitque
280 2437 326 2487 pro
338 2423 462 2472 concione
481 2423 550 2486 apud
571 2423 704 2485 praeterts·
777 2420 913 2484 ibibaaeti]
935 2421 1055 2470 Formam
1074 2422 1213 2472 tribunalia
1232 2421 1278 2475 de·

171 2511 228 2559 nos,
245 2504 370 2562 quotenus
388 2497 436 2545 sibi
454 2497 618 2546 matrimonia
636 2497 704 2546 mate
743 2497 850 2560 scripsit
858 2497 994 2546 Vitruvius
1004 2495 1021 2545 l.
1031 2509 1057 2546 v.
1066 2497 1110 2545 ubi
1122 2495 1155 2546 tle
1165 2496 1279 2547 Basilice

172 2572 307 2634 cederent,
316 2586 511 2637 permansurum
522 2587 551 2622 se
562 2573 587 2621 in
600 2571 703 2622 coelibn·
744 2570 826 2632 Julia,
836 2570 863 2619 in
874 2584 925 2635 qne
933 2568 984 2618 fnit
994 2569 1064 2618 odes
1073 2568 1184 2633 Augusti
1195 2575 1224 2620 et
1232 2571 1279 2620 tri·

172 2654 201 2698 tu
212 2647 229 2697 :'
244 2647 288 2697 aed
299 2649 401 2697 utteris
411 2647 599 2711 illeingenioin
609 2649 704 2698 ceteris
746 2645 832 2694 bunut.
863 2644 951 2695 Verba
961 2644 1019 2708 ejna
1030 2646 1086 2694 brec
1093 2651 1172 2694 sunt:
1189 2645 1278 2697 ‘Itern

171 2720 260 2783 rebus,
271 2723 308 2770 ita
317 2722 345 2771 in
353 2723 527 2772 matrimoniis.
744 2720 858 2769 tribunal
876 2725 917 2769 est
934 2719 962 2768 in
980 2733 1013 2768 ea
1028 2718 1095 2783 ede,
1114 2719 1279 2784 Hemicyctio

204 2801 221 2828 '¹
236 2797 396 2858 Admetuaque
404 2796 479 2846 dune
489 2796 617 2860 tribuenti]
634 2799 703 2848 Puto
742 2795 886 2845 Sebemnis
904 2794 1010 2844 brinoria
1028 2800 1172 2868 eunatnra]
1185 2795 1279 2850 forma·

170 2870 199 2920 in
209 2870 272 2935 ipsis
284 2872 397 2933 Castrie;
414 2886 474 2920 nem
485 2872 520 2920 lbi
532 2871 582 2920 init
592 2873 702 2922 tribunei
744 2878 808 2919 tum.
836 2869 997 2934 Ejnaentern
1007 2869 1280 2935 Hemicyclliiniron·

172 2953 336 3012 perpetuum,
346 2962 397 3011 qun
416 2947 500 3009 imago
517 2960 596 2996 aurea
610 2948 705 3011 princi·
744 2953 772 2996 te
783 2951 823 2996 eat
841 2947 1007 2996 intervallum
1017 2946 1098 3008 pedes
1108 2961 1155 2996 sex
1171 2956 1200 2997 et
1215 2965 1279 3014 qn*

171 3021 213 3087 pla
225 3021 251 3070 in
263 3020 327 3070 sella
337 3021 430 3083 curuli,
440 3029 485 3072 ant
502 3037 552 3087 qno
568 3022 624 3085 ipse
634 3023 704 3088 prin·
743 3021 878 3085 dragintn
895 3021 1019 3070 introrsus
1038 3029 1177 3071 curvatura
1195 3025 1277 3087 pedes

172 3111 235 3161 ceps
263 3098 438 3161 alloqueretur
464 3097 644 3161 pretorianos,
675 3104 704 3149 et
743 3096 907 3159 quindecim
923 3094 1007 3158 utqui
1018 3095 1089 3157 apud
1109 3098 1276 3159 negntratne

173 3172 242 3237 qnod
254 3185 329 3222 nemo
341 3171 404 3220 alius
418 3171 581 3236 escenderet,
589 3173 645 3222 sine
656 3171 705 3222 cri-
743 3177 846 3221 starent
855 3168 1019 3232 negotiantes
1029 3169 1057 3218 in
1066 3169 1173 3221 besilius
1182 3187 1216 3223 ne
1232 3175 1278 3224 int·

173 3247 242 3296 mine
254 3247 404 3310 mejestatis,
415 3249 464 3296 nisi
472 3246 551 3309 forte,
562 3247 706 3296 utseditio·
744 3244 881 3308 peditent!

173 3335 232 3372 nem
244 3322 354 3387 aliquam
364 3327 553 3385 compesceret.
777 3319 877 3373 Quibus
886 3319 973 3382 serbis
986 3321 1123 3373 Vitruvius
1138 3321 1276 3390 significat,

205 3399 282 3452 Quod
291 3405 376 3449 temen
386 3413 419 3448 ex
428 3398 541 3448 eliotoeo
550 3403 577 3448 et
587 3397 637 3447 elio
646 3411 704 3460 sug·
742 3393 851 3445 fonnem
869 3397 938 3447 illins
955 3397 1278 3451 tnbunstianensenidr-

173 3481 249 3540 gestu
267 3475 353 3540 potuit
370 3475 500 3535 tribnnus,
512 3473 556 3538 qui
573 3473 703 3523 vetantem
743 3474 857 3522 enlaoenn
868 3472 967 3537 'sutem
977 3473 1024 3524 sed
1039 3480 1183 3525 erenum
1216 3475 1277 3526 Non

172 3551 311 3602 militarem
323 3551 468 3612 eoiirceret,
483 3559 511 3600 et
522 3551 620 3600 eninm
630 3551 704 3600 sede·
743 3549 813 3598 eninr
828 3550 895 3613 justi
915 3549 1037 3614 ambitus,
1050 3550 1173 3616 plenique
1191 3553 1278 3604 centri

172 3635 231 3677 ret:
250 3627 318 3692 quod
336 3627 447 3691 contigit
460 3634 638 3690 postmortem
650 3627 704 3676 Ne·
745 3623 918 3689 Hemicyllum
933 3625 999 3674 illud
1010 3624 1101 3688 inisse,
1112 3624 1159 3676 sed
1174 3626 1214 3677 ita
1223 3641 1278 3680 nto·

173 3701 254 3765 runis,
264 3701 326 3750 durn
336 3700 489 3752 adventaret
500 3700 586 3752 Galba
597 3715 630 3751 ex
644 3701 704 3751 Hia-
744 3700 869 3762 dntatnnn,
880 3707 910 3751 ut
921 3701 947 3750 in
958 3701 1056 3765 fronte,
1070 3699 1110 3767 (id
1120 3709 1172 3766 est,
1182 3709 1213 3753 nt
1221 3714 1276 3753 ne·

173 3777 261 3844 penis,
272 3777 429 3841 Nymphidio
441 3778 591 3828 rebellante.
744 3777 879 3828 tltemetici
896 3776 1000 3843 dicunt)
1023 3779 1050 3828 in
1067 3779 1164 3828 chorda
1183 3793 1229 3829 sex
1247 3783 1277 3831 et

208 3851 343 3916 munti]
359 3853 446 3913 Forte,
453 3853 568 3902 tribuenti
577 3853 705 3916 presteris,
745 3852 916 3918 qnadraginta
935 3854 1035 3918 pedes;
1057 3855 1182 3904 introrsus
1203 3867 1275 3919 rere,

173 3929 217 3979 eui
229 3943 262 3977 ea
272 3927 380 3991 questio
392 3929 477 3992 veuls
495 3935 523 3977 et
538 3929 627 3992 iugens
646 3942 704 3978 ere·
745 3929 773 3978 id
784 3937 836 3992 est,
852 3931 877 3978 in
893 3931 961 3981 tinea
979 3929 1274 3996 perpendiculatores

173 4011 259 4055 neret.
283 4005 343 4053 Non
354 4005 432 4066 enim,
442 4012 515 4068 puto,
523 4005 610 4054 emar
621 4005 648 4055 ln
659 4004 704 4055 tuti
744 4007 817 4069 qussi
828 4006 926 4070 sagitta
942 4016 983 4056 eat
999 4008 1025 4056 in
1042 4020 1113 4070 unu,
1123 4006 1274 4072 quindecim

173 4080 411 4142 causesuajndex.
445 4080 705 4131 Atridamnstusest
743 4081 826 4144 pedes
839 4088 951 4150 peteret,

173 4155 254 4206 Silius
273 4157 300 4204 in
319 4155 428 4219 Castris,
438 4155 475 4206 sic
487 4155 564 4220 forte,
574 4157 635 4222 quie
645 4171 705 4207 rena
774 4157 804 4207 Si
821 4159 889 4208 enin
903 4159 1005 4222 justum
1019 4160 1175 4226 plenumque
1185 4159 1275 4211 lierni·

175 4233 244 4284 leste
255 4232 516 4300 metuentesque
526 4247 569 4286 res
586 4234 705 4301 urgebat,
743 4232 856 4298 syrtium
872 4231 975 4301 inuret,
984 4234 1053 4288 lines
1062 4235 1121 4287 bec
1136 4231 1273 4302 perpendi·
