2975 4784
184 352 317 417 acra]
546 346 752 399 annanrun
775 348 849 399 nra.
874 350 925 399 vr.
1223 332 1298 403 ,881

183 492 451 572 mutuarentur.
495 485 606 554 Nohia
632 485 798 573 pleraqne¹
826 487 928 571 digna
956 489 1090 573 eogrnitu
1116 488 1292 572 obvenere,

185 610 378 679 quanquam
392 593 436 655 ah
451 590 528 657 aliis
542 591 758 661 incelebrata.
1139 634 1143 642 ⁴

227 693 260 759 8.
285 692 375 757 Nam
396 692 438 757 ea
458 696 664 775 tempestate,
680 712 751 776 qua
771 692 886 776 Sejani
899 692 1081 758 amicitiam
1094 695 1194 759 ceteri
1205 695 1293 761 faho

183 800 351 871 exuerent,
375 812 476 857 ausus
497 798 550 857 est
574 792 687 876 Eques
713 794 898 869 Romanus,
914 792 965 857 M.
980 792 1167 872 Terentina,
1187 796 1232 860 ob
1254 796 1293 861 iol

182 912 271 972 reus,
291 894 460 977 amplecti,
483 894 634 959 adhunc
656 894 793 957 modum
818 892 908 977 apud
931 892 1089 957 Senatum
1111 894 1291 961 ordiendo:

184 994 368 1059 ‘Fortuna
382 991 515 1077 quidem
535 1012 619 1057 meae
639 994 778 1058 sonasse
798 994 907 1057 minua
925 992 1095 1077 expediat,
1115 1013 1293 1076 agnoscere

185 1095 320 1172 crimen,
335 1112 437 1177 quam
452 1095 612 1159 abnuere:
636 1094 710 1172 sed,
727 1101 905 1177 utcumque
925 1113 1048 1159 casura
1058 1086 1116 1158 ‘res
1135 1101 1197 1173 eat,
1211 1096 1293 1161 fate·

183 1196 257 1275 bor,
272 1200 305 1259 et
318 1194 423 1259 titisse
437 1202 511 1257 me'u
526 1194 647 1279 Sejauo
668 1197 827 1274 amicum,
850 1201 893 1275 et,
913 1202 952 1261 nt
971 1214 1092 1275 essem
1108 1200 1291 1282 expetisse,

185 1301 228 1374 et,
247 1302 426 1379 postquam
447 1294 588 1378 adeptus
610 1315 711 1374 eram,
734 1297 897 1361 laetatum.
940 1295 1103 1361 Videram
1126 1298 1292 1381 collegam

185 1398 312 1481 patris¹¹
324 1394 475 1479 regendis
490 1394 666 1460 Praetoriis
681 1395 893 1476 eohortihua3
915 1415 997 1461 mox
1009 1397 1102 1463 urhis
1116 1404 1149 1463 et
1161 1398 1290 1467 militiae

185 1497 299 1561 munia
313 1496 412 1561 simul
427 1496 619 1569 obeuntem:
642 1496 731 1559 illins
746 1495 925 1579 propinqui
939 1502 973 1561 et
986 1494 1101 1561 affines
1112 1497 1292 1565 honoribus

185 1600 404 1680 angebantur:
437 1602 475 1661 ut
503 1598 645 1680 quisquo
671 1595 796 1679 Sejano
823 1597 971 1674 intimus,
1001 1598 1048 1662 ita
1075 1598 1120 1663 ad
1142 1598 1293 1665 Caesaris

184 1698 365 1762 amicitiam
378 1694 529 1762 validus:
551 1702 674 1775 eontra,
701 1696 823 1779 quibua
844 1695 993 1761 infensus
1016 1703 1115 1778 esset,
1136 1705 1226 1767 metu
1248 1720 1292 1767 ac

184 1798 338 1863 sordibus
352 1796 642 1861 conflictabantur:
664 1814 727 1859 neo
753 1816 942 1881 quenquam
965 1798 1123 1881 exemplo
1136 1818 1291 1866 assumo:
1371 1784 1380 1791 ¹

186 1903 335 1976 cunctos,
351 1898 408 1981 qui
420 1896 595 1963 novissimi
620 1895 751 1960 consilii
764 1902 921 1978 expertes
939 1897 1078 1975 suimus,
1101 1918 1177 1963 meo
1191 1904 1292 1966 uniua

185 2097 383 2171 myrarum,
400 2108 428 2143 ae
445 2099 582 2156 ment.
615 2093 692 2144 Nohia
707 2094 812 2158 plurimo
831 2092 937 2155 origen
954 2092 1018 2143 reita
1032 2094 1115 2158 digna,
1131 2092 1186 2145 licet
1196 2095 1226 2145 ab
1236 2096 1294 2147 aliia

186 2172 279 2207 m·

188 2280 190 2283 ¹
219 2222 313 2284 Quippe
322 2236 350 2271 aa
367 2224 479 2284 tempora,
489 2237 533 2285 qao
549 2223 623 2271 ceteri
632 2221 809 2271 diaaimulaater
819 2220 920 2286 infideli
930 2226 998 2271 mant
1010 2220 1092 2281 Sqiam
1102 2220 1294 2287 benevolentiam,

183 2284 225 2353 ΙΜ.
238 2286 439 2348 Tarentinaeque
450 2286 518 2335 Rom.
530 2286 736 2347 awannam,
749 2300 1014 2346 eamagnaacereaanaa
1026 2289 1105 2349 aaa
1122 2286 1148 2334 ia
1165 2286 1225 2336 hanc
1241 2301 1293 2339 ua·

184 2349 285 2399 tentiam
296 2350 359 2411 opud
372 2354 455 2411 patrea
472 2348 592 2399 diremit.
626 2349 704 2397 Forte
716 2348 822 2413 quidem
833 2348 916 2395 minua
932 2350 1062 2397 conducat
1079 2349 1157 2399 saluti
1177 2352 1293 2415 metaque

186 2412 273 2475 rebare,
293 2411 368 2461 lateri
387 2413 481 2474 seelua,
498 2426 574 2477 quam
593 2411 713 2461 inficiari.
752 2410 805 2460 Sed
827 2411 952 2475 quicquid
970 2412 1120 2474 contigerit,
1142 2428 1293 2477 agnoscam,

185 2474 478 2536 aeadillitehor,fniaae
489 2490 530 2533 me
549 2476 640 2540 Sejano
658 2476 776 2535 amicum,
794 2481 823 2523 et
842 2482 872 2524 nt
890 2488 984 2534 earam,
1002 2481 1158 2537 exoptatam
1175 2483 1203 2526 et
1221 2486 1294 2540 port-

187 2554 262 2605 qnam
274 2538 446 2601 obtinueram,
460 2554 502 2589 me
554 2540 636 2589 airum
653 2554 719 2589 erae.
752 2539 936 2603 Spectaramm
953 2538 1026 2588 illum
1045 2538 1120 2587 umal
1137 2553 1197 2589 cum
1216 2548 1293 2603 patre

186 2604 313 2655 Strabone
324 2603 481 2667 pettoriano
492 2604 526 2652 mi
538 2604 567 2653 iti
581 2602 751 2668 praelectum
767 2617 826 2652 mox
838 2601 907 2650 domi
918 2601 1030 2666 bellique
1042 2602 1131 2651 munia
1138 2602 1237 2665 pariter
1246 2619 1293 2653 ex·

186 2674 329 2719 ercomem.
362 2667 436 2716 lilina
443 2667 627 2731 consanguinei
637 2666 780 2731 affinesque
791 2666 824 2715 ad
836 2663 861 2714 di
898 2666 976 2714 irater
984 2665 1175 2728 evehebantnr;
1187 2676 1216 2718 nt
1225 2669 1295 2733 qula·

186 2746 236 2797 que
247 2732 341 2794 Sejano
353 2731 461 2791 amicas,
471 2731 510 2780 ita
521 2732 646 2807 principia
663 2732 750 2794 gratia
761 2730 861 2795 prapol
872 2729 950 2789 ebat,
967 2736 1068 2793 contra,
1078 2730 1170 2794 quibua
1182 2730 1293 2783 infertur

186 2800 265 2856 eruet,
281 2808 388 2859 pavore,
399 2795 527 2859 squallore
538 2802 567 2844 at
583 2794 693 2843 mareriia
710 2793 911 2843 divexahantur.
945 2794 1083 2843 Neminem
1101 2795 1127 2843 in
1145 2798 1294 2861 exemplum

186 2858 346 2923 acceperim
362 2872 421 2909 meo
433 2859 506 2908 anina
518 2857 635 2922 periculo
647 2856 755 2908 tntahor
766 2872 864 2923 omnen,
875 2856 919 2922 qui
934 2858 1059 2922 poetremi
1075 2857 1196 2911 facinori·
1216 2862 1293 2926 eulpa

685 3041 794 3095 NOTAE

216 3142 237 3172 ³
254 3132 367 3201 Fatebor,
385 3143 409 3188 et
420 3138 499 3198 saitae
516 3132 564 3202 me]
579 3139 646 3189 Tota
664 3139 721 3189 haec
761 3152 798 3189 aa.
830 3136 896 3191 Quia
918 3138 985 3187 enim
1003 3138 1069 3187 aliua
1088 3136 1190 3206 effecit²
1208 3146 1238 3190 nt
1259 3141 1297 3193 ae

186 3212 305 3265 Terentii
314 3214 407 3278 oratio,
417 3221 448 3265 ut
458 3221 486 3266 et
494 3230 582 3279 cauta,
593 3214 722 3264 airnillima
761 3212 891 3263 Philotam
918 3213 1095 3274 decurrerent,
1116 3214 1161 3277 qni
1188 3214 1295 3279 placere

187 3297 227 3339 eat
237 3288 277 3339 illi
288 3287 410 3353 Amynta
429 3289 499 3355 apud
511 3290 629 3341 Curtium
640 3289 658 3339 l.
668 3302 721 3339 ru.
761 3289 860 3337 vellent
870 3287 939 3338 tihi?
957 3286 1000 3337 Ab
1011 3288 1056 3337 illo
1068 3288 1169 3351 natio,
1180 3288 1214 3338 ad
1225 3289 1295 3344 hune

187 3364 223 3413 Et
239 3363 356 3413 membra
376 3378 438 3415 rane
458 3366 559 3429 aliquot
576 3369 646 3426 aunt,
661 3378 720 3428 quae
760 3362 868 3427 gradmn
896 3362 1019 3413 amicitiae
1047 3370 1098 3413 tnae
1120 3364 1296 3418 arcendimua.

187 3436 259 3487 dicae
270 3438 341 3487 illine
352 3439 482 3490 translata
493 3454 557 3491 erae.
761 3437 789 3489 Ia
800 3438 869 3502 apud
882 3445 909 3489 te
920 3436 981 3502 fnit,
990 3439 1066 3502 aajua
1083 3446 1111 3488 et
1127 3440 1236 3503 gratiam
1250 3456 1295 3491 er-

220 3512 290 3563 Nam
319 3512 446 3578 Amyntas
474 3517 526 3565 ita:
553 3514 721 3567 ‘Amicitiam
760 3520 853 3578 petere
863 3520 891 3563 et
909 3514 973 3561 iram
985 3513 1077 3563 timere
1090 3514 1241 3577 poaaemua!
1257 3517 1295 3567 Et

187 3600 247 3651 qam
256 3587 331 3637 nohia
344 3602 403 3637 cum
411 3590 517 3642 Philota
529 3588 588 3653 fuit,
596 3590 662 3641 adeo
669 3604 721 3641 non
759 3604 839 3639 mor:
854 3590 862 3617 ‘
874 3586 961 3652 lgitur
970 3588 993 3637 ai
1004 3589 1052 3637 hoc
1064 3590 1162 3640 crimen
1172 3596 1223 3653 eat,
1234 3606 1297 3656 pan·

184 3662 298 3725 inficior,
318 3669 349 3713 ut
367 3664 526 3728 expetivisse
547 3680 649 3731 quoqne
665 3680 723 3729 noa,
762 3679 807 3715 cor
823 3665 973 3715 innocenter
987 3663 1078 3726 habea,
1094 3666 1171 3716 immo
1188 3666 1296 3718 hercule

185 3751 390 3802 magnoaqneer
406 3752 437 3789 aa
453 3741 553 3791 fruetur
572 3743 722 3806 percepisse
761 3740 900 3791 neminem.
923 3739 1021 3791 Omnes
1031 3740 1100 3791 enim
1111 3742 1224 3793 Philotae
1233 3744 1297 3794 aml-
1358 3804 1363 3810 ‚

187 3810 323 3862 confitear.
367 3814 410 3863 An
441 3829 501 3864 aero
535 3816 723 3881 Parmenionis,
763 3815 1019 3866 aieraerolnerunt:
1036 3817 1083 3866 aed
1102 3819 1211 3868 totidem
1230 3825 1296 3880 quot

187 3900 265 3952 qnam
277 3885 327 3935 tihi
345 3888 489 3951 proximum
500 3905 556 3941 aare
573 3892 684 3955 volutati,
694 3891 723 3939 li·
763 3891 895 3954 volebant,
912 3901 970 3942 aare
988 3907 1039 3941 non
1059 3900 1187 3955 poterant.
1220 3892 1296 3942 ltaai

186 3964 250 4013 lium
263 3978 444 4029 omner,paene
457 3968 551 4017 amicoa
567 3974 625 4017 tnoa
635 3968 724 4033 digna·
763 3970 900 4020 aconaciia
916 3968 1013 4019 amicae
1027 3982 1079 4017 non
1090 3967 1250 4031 dividiqnee
1260 3968 1296 4017 ah

189 4040 650 4103 tionevincentem,cultumanohia
666 4060 724 4095 aare
764 4046 853 4095 amicir
875 4045 978 4108 quidem
1005 4043 1137 4106 aeparahla
1164 4044 1230 4108 illos,
1249 4044 1296 4110 qul

189 4112 307 4163 mirarh?
328 4116 366 4165 Tu
377 4117 490 4180 hercule,
498 4118 521 4166 ai
533 4132 620 4167 aarum
632 4118 724 4169 audire
764 4118 833 4171 idem
842 4134 899 4169 eata
911 4117 1065 4168 uoluerunt?
1086 4117 1192 4182 Lipaiu.

190 4188 240 4253 ria,
256 4202 313 4251 rex,
330 4190 407 4255 hajna
424 4192 499 4241 nobie
517 4193 627 4261 periculi
645 4209 725 4245 cauea
796 4202 810 4229 ¹¹
825 4194 922 4257 Patria]
937 4192 1145 4245 Seiistrahonla.
1303 4250 1310 4261 ¹

255 4268 344 4336 nepa.
354 4276 379 4322 et
392 4272 450 4323 Ver.
463 4274 529 4324 ctae.
720 4272 800 4324 laea.
1169 4279 1185 4324 ⁸
1203 4274 1230 4325 tt
