2975 4784
241 352 309 419 654
669 363 925 415 nauvrunrurr.

284 513 337 577 17.
361 508 607 577 Soleuuiavota
620 528 682 593 pro
702 508 872 591 Principe.
918 508 968 574 Iis
984 510 1098 576 inserti
1111 510 1205 577 Nero
1219 512 1353 578 11111111-

241 634 317 681 sus:
339 614 416 678 hinc
431 612 545 676 odium
558 610 696 690 Tiberii,
711 630 811 695 quem
827 611 971 694 Sejanus
994 613 1155 679 stimulat.
1199 614 1255 680 18.
1278 614 1350 679 Hie

241 714 435 781 Germanici
458 716 585 779 amieos
610 713 808 797 aggreditur.
854 712 909 779 19.
933 712 1037 779 Silius
1061 714 1251 781 damnetur.
1295 717 1350 781 211.

242 817 341 884 Uxor
353 816 428 902 ejus'
443 816 542 881 Sosia
555 815 590 879 in
604 816 742 881 exilium
756 815 900 899 pellitur.
946 812 997 880 M.
1013 814 1134 899 Lepidi
1153 817 1352 885 moderatio.

240 922 296 987 21.
319 920 404 985 Piso
416 924 594 984 aecusatus
610 918 691 982 obit.
736 916 878 983 Cassius
901 919 1042 983 Severus
1063 920 1098 983 in
1119 938 1240 984 sarim
1264 919 1352 985 Seri·

240 1024 358 1109 phium
371 1024 544 1106 relegatur.
587 1020 644 1085 22.
666 1018 821 1085 Plautius
837 1020 992 1085 Silvanus
1006 1022 1103 1105 perit.

284 1126 339 1191 23.
359 1125 619 1201 Tacfarinatem,
628 1123 718 1187 bella
728 1142 843 1188 rursus
854 1130 1054 1201 moventem,
1098 1124 1153 1188 24.
1176 1124 1353 1190 Dolabella

242 1230 412 1315 opprimit,
455 1226 509 1291 25.
542 1231 575 1290 et
601 1226 719 1291 caedit:
763 1226 818 1289 26.
854 1224 1065 1310 triumphalia
1092 1245 1157 1289 non
1184 1227 1349 1308 impetrat.

242 1332 446 1398 Ptolemaeus
458 1346 595 1394 munera
610 1328 743 1413 accipit.
788 1328 843 1393 27.
866 1327 1004 1393 Servilis
1026 1332 1136 1392 motus
1151 1328 1277 1391 semina
1291 1346 1351 1410 per
1376 1368 1387 1381 ·

244 1434 377 1499 ltaliam
391 1450 568 1517 oppressa.

285 1534 340 1599 28.
364 1532 409 1613 Q.
424 1532 507 1599 Vib.
526 1532 680 1611 Serenus,
703 1552 725 1596 a
748 1532 819 1597 tilio
842 1534 1032 1597 accusatus.
1076 1528 1131 1595 29.
1153 1526 1351 1595 361111101-

243 1656 322 1720 gum
334 1640 531 1719 reportatur.
576 1634 722 1699 Praemia
735 1634 936 1698 delatoribus
957 1637 1093 1698 statuta.
1137 1631 1191 1694 31.
1214 1630 1256 1695 P.
1273 1630 1350 1695 Sui·

241 1739 307 1803 lius
327 1736 528 1821 deportatur.
571 1734 719 1800 Firmius
745 1734 871 1825 Senatu
893 1740 1055 1800 moretur.
1098 1732 1153 1798 32.
1174 1732 1229 1797 33.
1252 1731 1351 1800 Judi·

244 1841 334 1906 oium
348 1839 391 1902 de
403 1838 457 1901 his
471 1837 659 1901 annalibus.

285 1941 340 2006 34.
364 1938 550 2003 Cremutius
579 1936 722 2015 Cordus,
751 1936 899 2003 historiae
929 1937 1083 2019 scriptor,
1118 1936 1162 2000 ob
1192 1934 1288 2000 Bruti
1319 1942 1353 2002 et

244 2042 358 2111 cassii
379 2039 495 2105 laudes
518 2044 708 2118 accusatus,
731 2039 834 2103 libere
860 2058 897 2102 se
920 2036 1076 2116 defendit,
1097 2043 1130 2102 et
1171 2038 1225 2102 35.
1247 2038 1353 2102 vitam

243 2144 442 2210 abstinentia
452 2141 535 2206 finit.
573 2140 667 2205 Libri
678 2143 749 2225 ejus
760 2140 907 2205 cremati.
952 2140 1007 2205 36.
1029 2138 1204 2225 Cyzicenis
1219 2139 1353 2205 1111111111

242 2247 391 2311 libertas.
434 2244 488 2307 37.
510 2242 564 2308 38.
586 2241 721 2324 Templi
743 2242 912 2319 honorem,
936 2241 980 2305 ab
1008 2238 1175 2324 Hispanis
1190 2240 1352 2319 oblatum,

241 2346 397 2412 Tiberius
406 2344 543 2429 spernit.
585 2344 641 2409 39.
663 2344 817 2429 Sejanus,
828 2341 1072 2408 nimiafortrma
1080 2360 1208 2421 socors,
1220 2341 1352 2407 Liviam

244 2449 309 2513 sibi
323 2466 463 2512 uxorem
485 2466 506 2511 a
530 2446 690 2530 Principe
714 2447 808 2529 petit,
833 2447 891 2531 qui
934 2447 989 2512 40.
1011 2444 1163 2510 modeste
1185 2448 1294 2526 negat,
1319 2448 1353 2508 et

245 2550 359 2635 Sejani
369 2547 653 2613 rationesrefellit.
697 2547 752 2611 41.
774 2547 856 2625 Hic,
868 2546 1028 2629 augendae
1039 2547 1208 2633 potentiae,
1217 2544 1352 2611 Tiberio

245 2670 414 2717 secessum
441 2650 485 2714 ab
513 2649 595 2713 urbe
624 2647 754 2725 suadet,
797 2648 853 2715 42.
876 2647 1001 2713 auditis
1029 2651 1064 2713 in
1089 2668 1194 2713 eausa
1216 2646 1353 2713 Votieni

246 2752 402 2819 Montani
416 2749 640 2827 contumeliis,
651 2748 842 2834 persuadet.

286 2853 341 2917 43.
364 2852 485 2919 Romae
497 2852 680 2935 legationes
690 2850 889 2919 Graeconun
902 2850 1024 2917 auditae
1036 2850 1078 2915 de
1088 2850 1164 2935 jure
1174 2850 1352 2934 asylorum.

245 2955 300 3021 44.
324 2952 421 3018 Mors
434 2953 577 3030 Lentuli,
593 2954 746 3032 Domitii,
761 2951 910 3019 Antonii.
954 2956 1010 3019 45.
1032 2953 1072 3019 1.
1087 2954 1171 3019 Piso
1187 2952 1316 3017 Praetor
1330 2971 1353 3017 a

244 3054 390 3141 quodam
403 3058 531 3137 agreste
544 3054 750 3121 interficitur.
793 3056 848 3121 46.
871 3054 1019 3121 Thracas
1032 3056 1178 3121 montani
1192 3054 1352 3119 rebellan-

244 3164 297 3223 tes
310 3156 451 3221 47-51.
473 3174 494 3219 a
508 3154 634 3221 Sabino
646 3156 827 3240 pelluntur,
848 3156 1033 3237 creduntur,
1049 3157 1253 3237 obsidentia,
1267 3157 1354 3221 frus·

245 3264 298 3325 tra
312 3259 480 3341 eruptione
494 3257 594 3334 facta,
608 3277 645 3321 se
659 3255 792 3323 dedunt.

289 3360 345 3425 52.
367 3358 678 3439 ClaudiaPulohra,
688 3358 809 3427 Rornae
820 3360 975 3427 adulterii
987 3361 1352 3439 accusata,damuatur.

244 3461 299 3529 53.
320 3459 509 3545 Agrippina
522 3461 677 3524 maritum
690 3462 787 3544 petit,
803 3482 864 3527 neo
882 3462 1048 3546 impetrat.
1093 3464 1148 3527 54.
1193 3462 1236 3527 Ε1
1258 3462 1352 3545 Seja-

245 3583 310 3629 nus
334 3562 474 3627 insidias
502 3561 608 3627 struit.
651 3562 705 3626 55
727 3560 892 3628 Undeoim
916 3565 1015 3629 urbes
1039 3560 1133 3629 Asiae
1159 3561 1202 3626 de
1227 3560 1351 3647 templo

246 3664 384 3731 Tiberio
399 3664 553 3729 struendo
574 3669 712 3729 certam.
757 3665 811 3731 56.
834 3666 976 3731 Praeluti
1000 3664 1176 3749 Smymaei.
1221 3665 1274 3729 57.
1297 3662 1352 3729 os.

246 3765 403 3833 Tiberius
417 3766 519 3831 dubia
535 3766 577 3831 de
591 3785 696 3831 causa
709 3768 746 3830 in
760 3766 980 3854 Campaniam
1005 3766 1169 3846 abscedit,
1185 3771 1279 3833 arcto
1294 3784 1352 3831 oo·

249 3869 380 3934 mitatu.
422 3869 474 3934 59.
499 3868 542 3932 In
555 3869 719 3952 spelunca
736 3874 908 3954 repentino
926 3872 1077 3956 lapidum
1098 3872 1198 3955 lapsu
1220 3866 1353 3951 pericli·

248 3977 339 4038 tatus
353 3991 374 4035 a
388 3969 514 4055 Sejano
527 3976 698 4040 servatur:
719 3972 796 4037 hinc
819 3973 928 4058 major
949 3976 1022 4060 ejus
1044 3974 1138 4039 lidos.
1182 3968 1352 4035 Nerone·

249 4070 441 4137 Germanioi
451 4074 650 4157 aggreditur,
660 4080 695 4139 et
718 4075 772 4140 ou.
795 4076 1150 4145 calumniissuhrertit.
1192 4074 1247 4142 111.
1257 4070 1352 4141 Mon

247 4171 361 4249 Asinii
373 4171 534 4265 Agrippae
548 4182 584 4243 et
596 4178 643 4261 Q.
656 4174 802 4247 Haterii.
