2975 4784
15 4079 19 4168 t

234 315 321 400 1⁰⁰8
573 333 607 386 n.
631 333 816 390 oottttttttt
839 331 973 410 usurus·
1179 327 1339 399 [susos

234 491 511 576 grnntisuimsque
524 511 566 557 eo
579 493 614 557 iu
627 499 778 576 tempore
791 491 900 574 gretie
911 483 1036 554 Pullus¹
1047 487 1227 571 eginum,
1237 488 1252 522 ‘
1261 503 1340 550 uum

236 595 464 664 Messallinum
484 595 619 659 seeretis
644 593 767 661 minist*
780 592 979 677 depellerent
991 609 1103 662 umore
1116 588 1204 668 sitii,
1217 589 1340 654 cunda

232 782 386 848 erutisque
400 781 901 848 Cmfloredolflimuloomltsuere:
915 775 1339 832 moeeuinsn‘sutsltessstttm

736 911 844 964 NOTAE

231 1037 319 1102 jussus
330 1036 509 1102 erutAppius;
526 1035 615 1104 ituque
630 1051 706 1088 naue
724 1037 766 1088 die
806 1036 848 1086 cui
867 1034 952 1100 pridie
968 1033 1003 1084 ud
1019 1032 1047 1083 id
1065 1038 1167 1096 tempus
1192 1036 1222 1080 nt
1237 1029 1341 1080 duct

236 1113 355 1178 sequenti
381 1120 484 1164 noctem
509 1113 675 1176 somniorum,
692 1111 768 1162 selest
805 1115 1056 1176 praecepturueusts
1074 1105 1340 1174 qmiptsserepre·

235 1185 313 1240 nuber
324 1195 353 1239 et
363 1183 415 1238 dull
424 1187 531 1250 inscius,
541 1188 623 1238 intrat
634 1187 767 1252 psletiuus.
806 1194 956 1237 muretus
973 1184 1068 1235 sousuii
1085 1183 1162 1245 tides,
1173 1181 1274 1232 suumn·
1288 1187 1340 1230 stu·

279 1263 390 1328 Nempe,
416 1271 446 1313 nt
473 1269 608 1313 comesset
633 1262 769 1326 somnium,
807 1264 864 1327 tim,
874 1277 905 1312 se
916 1261 981 1312 morl
986 1261 1077 1326 jussus
1088 1254 1146 1308 est'

234 1339 419 1390 Claudieultro
430 1339 546 1403 stupenti
553 1340 609 1402 J'uus
619 1347 767 1400 serratum
840 1337 847 1372 ¹
862 1337 959 1402 Puttes]
989 1339 1033 1387 De
1050 1350 1101 1401 qno
1119 1331 1340 1384 sisebutus.

230 1416 340 1482 jamque
349 1419 419 1468 ultro
431 1417 725 1482 trepidanti,irrsuspers
734 1431 768 1464 ex
807 1419 849 1466 te.
860 1416 868 1441 ‘
880 1415 940 1465 Hoc
955 1420 998 1463 est
1017 1412 1117 1476 insigne
1134 1407 1264 1457 renslitiis
1282 1420 1342 1471 gre·

235 1495 381 1558 compositu
390 1493 534 1557 nuntietur,
546 1493 618 1560 quusi
628 1491 660 1542 ed
668 1492 768 1542 cedem
807 1492 890 1556 pibus,
906 1489 1126 1556 opprobriumque
1137 1485 1273 1535 insolentis
1290 1482 1342 1534 fur·

235 1569 347 1632 veniret,
358 1575 387 1620 ut
396 1569 433 1620 sic
445 1569 568 1634 pauidum
575 1569 706 1634 ingenium
715 1583 768 1619 me·
806 1573 887 1630 tune,
897 1562 966 1633 quod
978 1573 1006 1614 et
1021 1579 1069 1614 uos
1079 1562 1146 1612 edeo
1156 1560 1239 1625 potiri
1254 1573 1340 1610 rerum

232 1644 274 1716 pis
285 1651 460 1696 exterrerent.
807 1645 928 1705 vidimus,
948 1650 979 1692 ut
1000 1639 1126 1706 praetoris
1148 1649 1250 1702 quoque
1268 1649 1343 1685 orne·

232 1769 235 1774 .
275 1719 369 1784 licque
391 1735 449 1770 cunr
470 1720 600 1786 ingressus
622 1726 691 1772 esset
711 1726 768 1770 tsu·
806 1729 895 1771 ments
910 1717 1046 1769 decernis
1064 1721 1164 1777 seustu,
1173 1712 1287 1776 jubente
1304 1709 1342 1760 A·

235 1792 368 1844 tummodo
379 1793 481 1860 Appius
492 1795 586 1846 atrium
596 1810 642 1846 seu
653 1790 769 1844 restibu·
808 1794 929 1859 grippiss
941 1792 1053 1844 Claudii·
1062 1790 1183 1852 Cursus,
1199 1787 1341 1838 viderimus

235 1871 288 1920 luru
305 1869 406 1933 puletii,
420 1877 448 1921 et
459 1886 534 1923 nemu
545 1871 723 1922 introduceret
733 1867 768 1922 sd
807 1869 922 1923 libertis:
941 1878 1095 1934 tantumque
1110 1880 1163 1916 nou
1172 1879 1231 1915 cum
1241 1865 1341 1913 laures-

235 1946 380 2010 priuelpem
391 1962 399 2008 ;
416 1947 477 2012 qnia
485 1961 579 2012 nempe
590 1947 703 2012 spatium
711 1961 769 1998 esse
808 1949 842 1998 tis
854 1945 968 1998 isseibus
979 1945 1077 1994 remitti
1088 1943 1143 2006 iliu,
1152 1937 1222 1992 uude
1232 1939 1341 1992 crenus

226 2019 336 2084 debuit,
345 2036 396 2085 quo
412 2037 516 2073 scenam
531 2023 645 2075 criminis
661 2023 771 2074 durus·
807 2024 920 2090 pedibus
928 2017 1113 2072 sdvenbssue’

236 2101 294 2146 rent
310 2096 372 2146 unali
389 2097 515 2160 ministri;
534 2113 592 2148 essm
609 2097 693 2148 adbuc
709 2113 770 2148 uer·
839 2097 934 2164 Pelles]
954 2093 1263 2148 Isursticrsibsslibertns.
1279 2089 1343 2142 Gal·

235 2173 461 2222 rurentsomninm
474 2174 619 2236 sunm,boc
636 2175 767 2239 ipsonuu·
807 2171 1103 2240 inemendate
1121 2169 1248 2221 firmes.
1279 2169 1342 2220 Nou

235 2245 315 2297 tiutnr
341 2246 443 2310 Appius
472 2249 612 2313 irrupere,
637 2249 701 2314 (uon
728 2249 768 2298 di·
806 2253 942 2318 precipua
961 2265 1009 2300 seu
1025 2247 1155 2312 superiori
1172 2245 1343 2308 suctoritete,

235 2328 300 2371 eunt
324 2322 433 2388 ingredi)
455 2338 506 2389 qno
527 2325 580 2374 vitu
597 2325 769 2387 denotabunt,
808 2336 839 2378 ut
849 2327 931 2378 voluit
941 2327 1074 2390 interpres
1084 2329 1183 2385 noster,
1197 2321 1245 2372 sed
1260 2319 1342 2371 mui-

234 2405 264 2448 et
280 2399 404 2454 stutirm
420 2401 477 2450 loco
497 2401 523 2450 iu
543 2415 594 2468 quo
613 2399 710 2464 stabat,
726 2415 769 2450 uc·
807 2421 851 2455 rus
862 2405 1022 2455 anctoritate
1032 2402 1094 2466 init,
1105 2410 1135 2452 ut
1145 2401 1237 2452 etslii.
1271 2400 1342 2450 Nam

235 2475 347 2527 cersltur
365 2484 394 2527 et
414 2479 589 2529 introducitur
614 2479 642 2528 in
662 2478 770 2529 cubicu·
809 2476 1293 2534 csutssusetvetstituouiuscriores.

235 2551 288 2602 lum
306 2553 418 2616 Claudii,
441 2569 491 2618 quo
511 2555 575 2604 talis
593 2556 698 2618 negetis
719 2541 768 2620 pr‘o
842 2555 1284 2622 Flagrantissimegrstiuiiomues,
1293 2565 1341 2617 pro

234 2641 307 2679 more
334 2627 556 2692 transigebantur,
581 2637 610 2682 nt
637 2645 716 2696 snpra
734 2629 769 2680 de
809 2631 1077 2697 suoquisqueorotue
1092 2638 1122 2681 et
1136 2644 1255 2680 munere.
1286 2627 1341 2677 De·

232 2703 353 2754 Asiatico
362 2703 481 2758 uidimus.
809 2709 896 2772 signet
916 2709 974 2758 illos
1000 2708 1088 2771 sliqno
1119 2704 1228 2770 speeiuli
1252 2703 1343 2754 eddito

274 2777 317 2842 lbi
337 2775 426 2826 stetim
449 2779 595 2842 damnatur,
616 2781 688 2830 nutis
706 2781 768 2832 datu
808 2785 873 2835 Tse.
901 2790 932 2833 ut
953 2783 1105 2847 distinguet.
1146 2782 1273 2831 callistus
1287 2780 1343 2842 jn

234 2851 311 2917 copia
332 2857 445 2915 serratus,
468 2863 497 2903 et
512 2856 577 2904 mori
594 2855 722 2918 jubetur:
739 2857 768 2906 id
807 2865 922 2908 emtus
932 2865 1010 2908 antes
1016 2857 1173 2920 5Nucissns
1181 2854 1264 2921 Appii
1275 2869 1342 2906 nece

233 2935 283 2992 est,
296 2927 407 2978 liberum
420 2929 444 2978 ei
461 2929 552 2978 mortis
563 2929 697 2980 arbitrium
709 2944 768 2994 pcr-
807 2933 933 2998 iusignis3
950 2931 1039 2981 Pullus
1047 2931 1161 2981 murima
1172 2931 1265 2996 gratim
1292 2929 1343 2980 At·

233 3005 357 3069 mittitur,
366 3006 440 3070 qussi
458 3021 505 3070 per
525 3007 689 3056 clementium
698 3007 767 3070 prin·
805 3015 894 3059 tanuen
906 3007 1044 3059 Narcissus
1063 3009 1190 3056 reundum
1208 3006 1342 3057 Putares·

165 3119 168 3126 .
233 3081 306 3146 cipis.
333 3082 375 3131 Sic
385 3081 527 3132 illudebunt
539 3083 643 3147 pessimi
654 3083 767 3145 magistri
805 3082 1270 3148 etCulliaesssugebstinfrueep.³8.

232 3158 401 3210 muscosis
422 3157 766 3223 Usbtorbtseustuttegi-
838 3169 857 3196 ¹¹
874 3163 940 3212 Nuus
962 3161 1127 3210 Memslls'rseus
1146 3158 1244 3208 seeretis
1257 3157 1342 3222 niun]

234 3234 292 3300 bus,
303 3234 432 3300 principi,
443 3235 615 3299 Reipublicae.
804 3237 912 3301 Nuptiis
937 3236 1097 3286 Messsttine
1117 3234 1238 3298 cognitis,
1255 3234 1342 3283 iubur-

265 3310 385 3376 Appium
394 3309 477 3372 cedit]
504 3309 763 3362 Suetoniilunddl.
805 3328 881 3364 ruere
909 3327 998 3363 omues
1030 3310 1157 3376 principis
1194 3309 1342 3374 domestici,

231 3371 316 3437 ‘Peri
337 3385 413 3436 modo
432 3399 583 3450 oppressum
601 3384 690 3436 ferunt
711 3385 766 3451 Ap·
806 3389 870 3454 quis
886 3389 995 3440 exitium
1012 3387 1126 3452 principi
1144 3387 1279 3436 imminere
1296 3400 1342 3436 ne·

232 3461 440 3526 purissimum
455 3475 530 3526 quem
545 3475 604 3511 enm
616 3461 766 3510 Messallina
805 3465 916 3516 cessario
936 3464 1068 3515 uidebant.
1107 3462 1250 3514 Admoneri
1271 3463 1342 3527 prin-

232 3543 260 3588 et
280 3537 416 3587 Narcissus
434 3538 628 3602 conspirassent
646 3537 765 3602 perdere,
805 3541 891 3605 cipcm
912 3542 1034 3602 intutum,
1069 3539 1268 3590 recordantibus
1295 3553 1341 3605 po-

216 3611 319 3680 ·dirisis
337 3613 462 3678 pertibus,
472 3614 539 3664 ulter
549 3624 610 3664 ants
629 3615 715 3666 lucem
734 3615 767 3664 si·
806 3617 915 3667 tentiam
927 3616 1105 3682 uxorb,cujus
1123 3617 1202 3667 vitot
1215 3629 1341 3680 proceres

231 3690 300 3740 milis
311 3689 434 3752 attonito,
452 3691 555 3752 patruni
572 3691 718 3740 cubiculum
730 3691 765 3740 ir·
806 3694 883 3745 morti
894 3694 959 3744 dati.

232 3767 314 3831 rupit,
322 3764 461 3827 affirmans,
473 3767 612 3816 somniasse
629 3781 666 3830 se,
677 3767 728 3818 vim
739 3769 765 3819 ei
838 3772 938 3821 Rursus
948 3769 1061 3821 facilites
1073 3767 1200 3834 principis
1216 3782 1290 3832 spem
1301 3766 1339 3816 fs·

232 3841 266 3893 sb
277 3841 364 3907 Appio
381 3841 492 3892 illatum:
512 3842 594 3891 alters
611 3844 635 3892 in
656 3843 765 3894 sdrnirs·
802 3843 894 3895 eiebet
903 3841 1083 3910 opprimendus
1092 3844 1190 3907 uxoris,
1206 3843 1229 3892 si
1239 3855 1339 3906 praeve·

233 3920 328 3970 tionem
339 3917 458 3981 formata,
471 3918 521 3968 sibi
538 3933 639 3983 quinque
655 3918 764 3972 eandem
804 3921 906 3984 nireut;
924 3920 971 3970 sed
982 3921 1008 3969 iu
1019 3921 1069 3970 buc
1078 3929 1215 3982 metus‚ue
1231 3932 1338 3969 uxum

232 3997 345 4066 epeciepn
358 3996 456 4060 aliquot
467 3996 524 4058 jum
542 3996 661 4044 noctibus
671 3993 765 4044 obver·
804 3998 1070 4062 quemvisseeusstsm
1079 3995 1192 4060 audiret,
1199 4001 1338 4059 antequem

232 4067 284 4119 seri
292 4071 388 4127 retulit.
420 4070 766 4134 Necmultopostexcom·
803 4073 943 4138 perderet:
961 4074 1030 4139 quod
1048 4073 1069 4123 si
1086 4072 1275 4135 fieret,esdem
1293 4083 1337 4142 pe.

211 4145 320 4226 petitu
335 4148 481 4212 irrumpere
497 4148 598 4214 Appius
618 4147 765 4214 nunciatus,
803 4149 916 4206 ticulum
927 4149 1269 4207 vertebatiueccusetores.
