2975 4784
217 318 284 387 ωε
396 398 416 442 ⁸
575 334 607 383 o.
628 330 815 389 contrusit
835 328 962 381 usosur
1135 329 1321 403 '[s.u.rss.

218 474 422 564 oppidanum
434 492 558 560 penum
581 472 718 539 Calibus
728 476 831 551 ortam,
843 478 939 557 patre
957 477 1058 560 atqpa
1070 493 1138 542 avo
1151 474 1326 547 comm„

218 580 323 656 sibae,
345 584 455 643 cetera
470 576 624 661 liquem
643 574 873 642 saniliaerat:
892 576 985 641 mitis
1006 576 1136 659 ingenio
1148 584 1183 644 ot
1194 585 1317 645 comto

216 679 395 745 facundie.
445 675 585 742 Cassius
608 676 718 760 plebei
742 673 863 743 Rome
885 678 1026 758 generis,
1051 697 1165 744 verum
1188 681 1320 763 antiqui

216 782 442 864 honoratique,
469 785 504 844 et
517 794 633 843 severa
654 776 762 859 patris
774 775 954 860 disciplina
975 776 1125 856 eductus,
1145 778 1323 847 lacunato

217 883 343 965 saepius
365 901 467 964 quam
487 879 648 945 industria
662 877 966 944 commendabam.
1011 878 1104 944 Huic
1119 880 1320 961 Drusillam,

214 1062 298 1126 cipali
311 1062 418 1124 jaaritis,
435 1064 549 1113 οήιιιιάιιι
568 1060 672 1121 Calibus,
689 1066 784 1125 patres
800 1075 913 1123 scamas
931 1060 1063 1111 cenulam
1082 1059 1220 1125 mesenas,
1239 1066 1319 1113 edm

215 1126 328 1191 quarto
341 1128 456 1190 Manat,
472 1124 927 1188 malmuudariensium
963 1124 1319 1191 cmiaapiedeioestispialie-

214 1206 268 1255 asae,
283 1193 456 1254 uraaapriscae
473 1194 604 1254 admorsa,
618 1196 731 1239 massere
746 1189 1318 1253 preatismwiastitatasdeaitdesaaraaa

213 1256 292 1319 raugia
309 1257 484 1319 paummlsrtia
497 1255 589 1317 ingenii
607 1254 755 1305 Ιιιιιάιιὸιίιι.
788 1252 857 1304 ldaic
871 1254 1014 1318 urnam,
1030 1254 1121 1304 Vinicio
1134 1254 1237 1319 datiana,
1254 1254 1319 1305 Ger·

248 1508 337 1557 Erras.
373 1510 433 1560 Non
444 1515 485 1560 est
494 1510 549 1571 iric,
564 1507 701 1575 Pomponi,
707 1509 750 1572 J'n·
788 1506 835 1557 dat
843 1506 936 1558 &saio
946 1506 1141 1571 jurisconsulto,
1154 1504 1325 1558 menani-
1375 1534 1381 1541 -

217 1584 376 1635 risantlstea
393 1584 436 1635 ille
459 1600 535 1651 quem
558 1600 659 1635 censes.
692 1585 750 1634 Pri·
788 1597 866 1644 num3
883 1598 933 1632 nec
951 1584 1049 1633 mentio
1071 1597 1179 1648 usquam
1198 1584 1321 1637 omnint

216 1674 295 1723 mum,
314 1661 374 1724 quia
383 1662 489 1710 Tacitus
507 1662 576 1709 inter
594 1660 678 1724 cingla
696 1675 749 1709 mo·
787 1671 882 1707 nomen
891 1656 1032 1707 adhaesisse
1041 1658 1100 1707 lruic
1109 1658 1222 1708 Vinicio.
1253 1658 1323 1708 Con·

216 1748 282 1797 rum,
294 1736 459 1801 generisque,
481 1736 584 1785 laudern
606 1736 631 1785 ei
653 1736 749 1784 nullam
787 1734 856 1783 aulea
872 1748 936 1797 ergo
946 1734 1021 1783 slmnl
1032 1734 1063 1783 L.
1075 1734 1177 1785 Cassiru
1188 1734 1323 1799 longinus

217 1811 310 1862 tribuit
317 1813 402 1876 juris:
420 1813 524 1874 deinde,
535 1812 596 1877 quia
613 1814 749 1875 praenomi·
790 1815 818 1857 et
828 1808 868 1857 M·
879 1809 1007 1870 villielmi
1021 1816 1050 1857 ‘²
1067 1810 1172 1874 quidem
1188 1810 1323 1861 ΟΝΙίΝῖῙ·

216 1886 408 1937 nibusdiversi.
440 1888 752 1949 namurcencis·
789 1882 890 1933 Rursus
903 1886 1022 1935 consules
1032 1885 1327 1949 c.cmiu·,jmtseoa-

216 1962 260 2013 ills
272 1968 342 2025 tuus,
353 1964 484 2013 constanti
496 1970 612 2013 veterum
625 1964 732 2027 scripto.
789 1960 882 2024 auitas,
890 1967 918 2009 et
930 1961 1083 2023 Quartinus,
1092 1960 1139 2010 sed
1150 1958 1261 2014 suffecti.

250 2038 417 2089 Cassiodorus
438 2053 501 2089 ecce
524 2038 554 2088 Ia·
575 2036 691 2088 Cassium
721 2045 751 2089 et
821 2034 926 2086 Monuit
937 2035 965 2085 id
983 2033 1148 2087 doctissimus
1165 2045 1244 2103 atque
1255 2036 1331 2102 opti-¹

217 2109 256 2162 nl.
268 2112 397 2163 Vinicium
410 2113 482 2165 Coss.
493 2114 618 2164 nominat.
642 2114 750 2165 sueton.
789 2125 845 2162 mus
857 2127 937 2162 senex
946 2112 1060 2165 Jacobus
1076 2112 1200 2178 Cujacius
1211 2114 1244 2164 sd
1254 2114 1273 2164 l.
1286 2128 1320 2165 rr.

216 2192 243 2241 in
263 2190 336 2251 Caio,
356 2192 457 2241 Laetam
477 2191 586 2242 Cassiam
600 2188 750 2254 imaginata.-
789 2190 823 2239 de
839 2188 939 2254 origine
956 2189 1035 2253 juris.
1078 2190 1174 2257 Itaque
1193 2197 1223 2241 et
1238 2192 1321 2256 Lipsii

214 2273 243 2316 et
253 2266 359 2317 Tacitus
367 2269 415 2317 troc
423 2268 490 2318 loco.
790 2265 921 2315 muteutis
945 2266 991 2315 isos
1017 2266 1118 2315 caesios
1143 2266 1324 2332 discernentia,

249 2342 353 2391 Diuersi
366 2343 428 2403 vita,
447 2342 526 2393 etiam
537 2348 669 2395 etmorts.
702 2344 750 2396 du·
789 2354 860 2401 vera,
870 2340 959 2405 docta,
967 2349 995 2391 et
1004 2342 1163 2406 Pomponius
1170 2342 1227 2395 ains
1235 2344 1323 2409 culpa.

218 2418 387 2469 risconsulrus
399 2418 443 2467 ille
461 2416 488 2467 in
506 2418 602 2469 honore
613 2418 660 2468 sub
672 2418 749 2470 Clau·
789 2416 921 2465 Meroen.

217 2494 260 2545 dio
271 2491 440 2556 tuit‚syriarn
449 2492 649 2557 administrarit,
659 2495 749 2557 pulsus
820 2487 995 2555 '’Facilitate]
1027 2492 1148 2543 'liberius
1169 2495 1198 2544 iu
1218 2496 1322 2561 pneris

217 2586 233 2619 a
255 2570 369 2627 Neroua,
390 2583 437 2632 per
456 2568 644 2632 Vespasianum
662 2568 751 2633 rediit,
789 2564 851 2629 ants,
867 2580 917 2615 nec
935 2574 1051 2618 veterem
1073 2568 1248 2633 nobilitatem,
1270 2586 1322 2622 uec

218 2651 331 2694 etomne
349 2646 395 2693 ille
415 2650 517 2709 ternpus
535 2644 616 2694 visit:
633 2644 683 2694 iste
700 2645 750 2695 sub
789 2655 896 2705 magnas
917 2643 1027 2695 virtutes
1048 2646 1214 2708 sectabstar3
1229 2648 1322 2699 maluit

219 2720 282 2771 Caio
294 2720 430 2784 proconsul
443 2718 523 2782 Asiae,
533 2727 569 2784 et,
583 2720 751 2770 monentibus
789 2719 924 2771 leuitatem
935 2721 1048 2787 vitaeque
1058 2722 1219 2775 modestius.

217 2792 342 2854 sortibus,
359 2799 389 2842 ut
406 2800 513 2843 caveret
530 2793 656 2859 Cassium,
674 2809 689 2843 a
709 2804 751 2859 ty-
822 2793 866 2845 Sic
876 2795 1008 2847 Vinicium
1018 2798 1109 2862 elegit,
1123 2801 1169 2864 qni
1186 2799 1324 2865 ‘equum

219 2883 299 2919 rauuo
311 2883 392 2918 casua
404 2878 453 2918 est.
789 2867 887 2921 familia
896 2879 970 2921 erat:
987 2873 1057 2923 mitis
1068 2873 1190 2937 ingenio:
1198 2878 1250 2926 dac.
1275 2876 1322 2926 Sic

249 2943 358 2995 Sueten.
375 2959 399 2993 c.
411 2948 450 2993 57.
470 2950 498 2994 st
513 2945 563 2995 Dio
575 2958 630 2995 ux.
651 2947 694 3011 qui
712 2953 751 2997 ta·
789 2945 905 3008 pretulit
917 2947 1326 3014 Cassium‚quiplebeiigeneria,

216 3034 276 3070 men
296 3022 363 3071 male
384 3022 474 3071 Caium
494 3027 579 3073 vocat.
618 3022 750 3088 Denique,
790 3021 873 3085 etqui
885 3021 1324 3089 licetaevereeductusmagista·

219 3096 281 3161 quid
293 3098 434 3159 respondes
446 3098 479 3147 ad
491 3098 554 3147 illud
564 3098 656 3159 laelii,
665 3098 749 3158 jaciti-
789 3099 866 3149 men‘
877 3098 1006 3151 facilitate
1017 3116 1095 3167 quam
1113 3102 1240 3154 industria
1251 3119 1323 3161 cons·

217 3178 267 3223 tute
278 3174 363 3238 sepias
380 3189 450 3237 paona
469 3174 590 3223 industris
605 3176 749 3223 eomeado·
789 3176 976 3231 densabatur:

217 3248 307 3301 lidori
825 3252 867 3301 Ne
877 3254 987 3315 scilicet,
1009 3270 1117 3305 uxorum
1129 3256 1275 3321 nobilitate,
1293 3266 1325 3311 et

250 3326 342 3378 Deurit
362 3342 424 3377 ecce
451 3327 488 3376 illi
509 3324 660 3376 industriam
680 3327 752 3392 inge·
790 3340 885 3389 genere
900 3342 955 3392 suo,
973 3332 1129 3395 propriaque
1140 3332 1238 3384 uirtute
1247 3336 1325 3400 elati,

218 3402 357 3466 piumque:
383 3410 410 3453 at
431 3401 564 3452 audebunt
582 3402 678 3466 dicere,
694 3402 752 3454 haec
791 3401 850 3464 plus
865 3404 1040 3465 quamcivilia
1050 3407 1189 3469 agitarent.
1222 3409 1326 3462 Prisci·

219 3480 359 3529 conuenire
371 3478 396 3526 iu
408 3492 528 3542 magnum
546 3478 619 3527 illum
630 3479 752 3529 sacerdo·
790 3477 859 3539 palia
876 3478 1107 3533 matrimoniales
1117 3496 1188 3547 saepe
1199 3483 1322 3537 mansu.

220 3560 282 3603 tem.
316 3554 397 3603 Plura
409 3554 441 3603 de
452 3556 501 3603 lroc
519 3554 549 3604 C.
562 3552 655 3605 Cassio
666 3554 682 3605 Ι.
694 3568 750 3608 xvr.
791 3551 864 3601 Plnt.
883 3552 930 3602 lib.
950 3554 1093 3619 inscripto:
1120 3558 1237 3611 Maxime
1261 3576 1323 3613 cnm

219 3626 328 3691 Lipsiae.
789 3626 949 3692 principibus
974 3630 1086 3693 sapienti
1106 3646 1165 3683 ease
1188 3635 1324 3700 disputan·

246 3700 750 3765 becarium]Notavitlricdoctissimus
790 3702 860 3753 dam.
893 3704 1006 3755 ‘Verum
1024 3707 1051 3755 iri
1071 3709 1325 3776 quidem,quoruodo

218 3777 320 3844 Lipsius
339 3792 453 3826 errorem
470 3776 574 3829 Onnfrii
591 3794 622 3830 ac
642 3782 750 3846 Sigouii,
792 3779 877 3839 Ixion,
894 3780 1025 3832 Junonem
1044 3797 1214 3852 persequens,
1234 3788 1261 3837 in
1276 3803 1335 3840 ιιι..

219 3855 264 3921 qui
270 3852 391 3904 'Cassium
401 3854 467 3902 hunc
476 3853 587 3903 eundem
595 3868 652 3905 csse
661 3856 752 3906 uolunt
790 3855 849 3906 ben
863 3856 985 3921 delapsus
996 3864 1047 3923 est,
1062 3860 1101 3911 ita
1116 3862 1176 3912 loco
1191 3861 1324 3927 amicitiis,

220 3944 278 3993 cum
295 3928 482 3995 jurisconsulto
503 3931 534 3981 C.
555 3930 653 3981 Cassio.
696 3932 751 3983 Sed
789 3931 953 3983 simulacrum
981 3932 1070 3998 sallas,
1097 3937 1179 3987 etad
1200 3952 1333 4002 pompam.

220 4006 289 4070 quod
307 4004 375 4056 idem
386 4013 490 4056 accusat
502 4006 682 4070 Pomponium,
694 4021 750 4057 uer·
789 4010 970 4075 compositum,
988 4019 1068 4076 atque
1080 4012 1201 4065 instabile
1210 4016 1326 4081 amplec-

220 4079 252 4129 bo
267 4081 445 4143 respondebis,
457 4089 484 4131 et
495 4080 620 4132 defendes
631 4084 737 4135 sctum.
790 4085 905 4137 tumtur?
921 4086 1000 4153 idque
1011 4088 1159 4155 lustroque
1171 4105 1246 4142 sesa.-

253 4156 277 4207 N
281 4171 314 4207 ou
325 4158 393 4208 enim
403 4159 426 4210 is
435 4158 474 4209 Μ.
485 4158 613 4210 Vinicium
623 4161 750 4227 collegam
