2975 4784
150 359 177 411 J.
188 357 283 422 coo]
480 350 484 359 ·
526 348 733 398 nnnemun
757 341 904 401 nrnznr'.
1183 334 1249 401 937
1296 394 1302 401 .

151 496 308 561 defuncto
331 490 426 575 Rege
438 490 606 569 Anaia:
624 490 791 571 ‘Arsacem
807 492 982 556 liberorum
997 508 1129 555 anonam
1145 498 1251 559 neter-

151 599 280 673 rimum,
301 595 482 679 imposuit,¹
508 592 623 657 addita
644 590 862 670 contumelia,t
881 598 914 656 et
933 592 1058 669 missio,
1085 593 1142 674 qui
1170 596 1252 674 ‘ga-

152 706 253 776 namt'
276 718 297 761 a
310 697 465 761 Vononev
487 694 635 759 relictam
660 695 694 755 in
718 693 836 776 Syria'
859 690 1079 774 Ciliciaque,'¹
1099 710 1253 774 reposee-

151 805 235 877 ront,
250 799 352 863 simul
373 802 521 861 ‘veteres
547 795 736 859 Persaruml
759 814 800 859 ao
827 794 1063 859 Malcedonum¹
1076 772 1253 873 terminos,’

153 981 215 1037 lanf
231 985 255 1031 et
266 980 360 1037 inhiare
375 978 506 1040 Armenia,
522 977 570 1039 cri,
580 976 685 1025 extincto
694 991 751 1039 rege
762 975 877 1035 Anneio,
894 973 1002 1037 prefecit
1019 972 1133 1023 Arauccm
1143 973 1254 1037 fitiorum

153 1058 248 1093 morena
268 1048 327 1093 nota
347 1044 486 1103 niaximum,
511 1042 600 1103 adjecto
624 1040 733 1101 conuitio,
753 1045 776 1088 at
797 1039 874 1087 mium
895 1038 934 1101 poi
955 1041 1087 1105 repeterent
1109 1038 1254 1085 tnesaurum

154 1123 232 1172 qoem
247 1108 368 1158 Vononen
393 1106 534 1170 reliquerat
558 1106 585 1154 in
608 1104 684 1168 Syria
708 1111 736 1153 et
752 1102 861 1164 Cilicia3
888 1108 957 1165 atque
981 1101 1053 1152 etium
1075 1102 1174 1163 priscos
1190 1100 1255 1150 tinea

637 1259 801 1285 ‘anenno'

188 1366 202 1410 l
221 1362 261 1410 ct.
273 1362 397 1409 Erneatua
404 1366 493 1409 eeneet
501 1358 700 1419 emendandum,
709 1358 859 1421 inponerent.
884 1355 957 1405 Nihil
967 1352 1128 1403 mutaverim.
1153 1350 1259 1401 Summa

157 1428 226 1475 enim
236 1432 380 1490 temporum
393 1425 504 1500 varietas
515 1423 585 1487 apud
596 1424 707 1487 optimos
718 1423 857 1485 scriptores
868 1420 989 1471 occurrit.
1005 1418 1112 1467 Bmtier.

156 1680 216 1716 nem
228 1667 264 1716 Η.
277 1670 347 1717 nid.
362 1664 479 1715 ‘Audita
494 1665 634 1731 adoptione
646 1667 690 1715 de·
729 1670 757 1715 et
774 1666 908 1715 Vononem
926 1676 1014 1727 regem
1032 1658 1197 1717 Parthorum,
1216 1656 1260 1727 qni

158 1744 240 1793 alnam
264 1741 346 1791 videri
369 1741 464 1790 aenex.’
507 1742 620 1805 Egregie
640 1743 689 1792 hoc
730 1742 819 1805 putem
840 1755 856 1790 a
874 1740 936 1802 ania,
954 1738 1026 1804 quari
1045 1732 1275 1799 infidempopuil·

159 1815 350 1867 iacitPaaimoa
363 1821 419 1866 lto.
436 1816 462 1864 in
474 1832 525 1880 quo
536 1817 612 1866 liberi
622 1831 690 1867 com·
730 1818 806 1869 Rom.
826 1832 885 1867 cum
901 1815 999 1881 ingenti
1017 1826 1080 1879 gana
1096 1808 1261 1861 Antiochiam

159 1900 286 1956 parantur
301 1892 399 1954 sagittis
415 1892 442 1941 in
460 1908 530 1942 mnne
547 1894 594 1941 oiri
607 1892 690 1952 fortio
731 1909 760 1943 ae
779 1898 925 1957 receperat,
948 1890 1085 1955 spoliatum
1105 1884 1213 1951 perfidia
1235 1888 1263 1933 et

159 1968 279 2018 Prelnah.
731 1968 983 2029 occisumgcomtat.
1253 2020 1256 2025 ¹

193 2045 247 2094 Per
270 2044 384 2093 herm
409 2043 526 2106 intellige
552 2042 692 2092 imbellem.
765 2040 934 2103 Ἴνυκον]
957 2034 1263 2097 FilioPhraatia,nupra.

160 2119 230 2168 Nam
239 2117 359 2170 'liberine
378 2132 458 2168 muer
477 2117 547 2167 fama
562 2119 647 2182 priore
658 2118 694 2166 ni·
765 2125 782 2150 '¹
798 2115 884 2181 Syrio]
917 2116 999 2178 Regio
1011 2112 1080 2163 Asine
1092 2111 1124 2160 ud
1135 2124 1206 2159 mare
1217 2096 1264 2172 Syss

161 2194 278 2256 tebetur,
305 2208 356 2243 non
383 2208 413 2243 re
440 2196 512 2257 iprae
542 2194 693 2243 libidinibus
733 2194 842 2254 riarum,
855 2198 955 2257 partem
971 2189 1049 2239 mario
1061 2184 1248 2237 Mediterranei
1255 2203 1266 2249 3

161 2270 291 2319 emollitur
318 2270 386 2318 bella
410 2269 590 2319 dedidicerat:
620 2270 693 2317 maiia
734 2265 1081 2332 hodieSprievelSoer-ieet
1096 2260 1266 2323 dominere·

161 2344 261 2395 artibua
280 2345 405 2394 utebatur
427 2345 524 2408 potina,
546 2358 596 2393 nec
617 2344 694 2394 amnis
735 2347 777 2409 gio
788 2342 1001 2407 imperiii'uroici
1011 2339 1130 2389 Asiatici.
1145 2336 1266 2385 mnemon.
1370 2384 1379 2399 .

162 2421 298 2473 vincebat:
323 2422 437 2472 habebat
454 2424 596 2484 exercitur,
615 2423 695 2485 legio·
768 2418 894 2485 insyria]
925 2418 1028 2481 Nempe
1041 2412 1185 2463 Antiochiae
1197 2424 1267 2459 man-

161 2514 208 2549 nea
217 2499 328 2561 validam
346 2514 394 2549 nec
410 2500 514 2563 proprie
526 2499 639 2562 inermia,
649 2499 695 2547 aed
736 2503 820 2556 aerat;
832 2492 959 2543 tricennio
971 2490 1073 2540 Pitonia
1084 2494 1110 2537 et
1121 2485 1268 2558 postulante

163 2575 276 2624 imbellia
287 2576 343 2639 ejna
354 2581 461 2624 senecta
468 2572 529 2623 fuit.
736 2585 798 2635 rege
817 2568 972 2618 Parthorum
995 2570 1094 2615 amotus
1113 2566 1173 2610 erat
1191 2560 1269 2609 Pom·

196 2652 354 2714 remea]
386 2649 510 2700 Armenia
521 2651 615 2715 Major,
624 2650 697 2715 regio
736 2644 876 2711 peiopoiim
896 2644 922 2691 in
944 2641 1044 2689 Cilicia.
1078 2636 1157 2687 Haud
1178 2632 1270 2699 procul

163 2726 245 2790 mie,
272 2740 361 2777 varana
381 2726 496 2775 Pontum
519 2724 646 2774 Euxinum
669 2732 698 2776 et
736 2721 797 2771 hinc
807 2720 894 2783 specie
904 2712 1015 2767 venandi
1026 2728 1084 2764 cum
1094 2712 1184 2775 ingere
1195 2720 1271 2759 cona·

164 2818 238 2853 mare
259 2802 397 2866 Caspium:
424 2801 502 2850 hodie
530 2814 589 2864 para
616 2802 699 2865 major
738 2803 820 2857 retur,
837 2792 938 2843 occiana
955 2798 997 2841 eat
1014 2790 1047 2839 ab
1066 2790 1174 2838 evocato
1192 2784 1272 2835 liem-

167 2880 338 2940 lirrcemioe,
355 2878 405 2927 tub
425 2877 533 2941 imperio
553 2878 699 2927 ancarum
739 2873 800 2933 mio,
816 2876 844 2920 et
861 2884 950 2934 ganum
962 2867 998 2917 ibi
1010 2864 1122 2929 reliquit,
1142 2874 1216 2927 quom
1233 2860 1271 2909 in·

167 2953 294 3016 Asiatico,
309 2962 338 3005 et
348 2968 408 3018 para
419 2954 540 3018 quaedam
558 2952 700 3015 provincia·
738 2948 807 2998 rasit
817 2946 907 2996 talium
915 2942 1002 2992 avidus
1013 2940 1149 2998 Tiberina,
1160 2937 1271 3001 ideoque

167 3032 471 3082 monocerotem
487 3030 538 3079 aab
553 3030 701 3093 RegePer·
740 3021 883 3082 et'oceidit,
894 3020 915 3068 al
926 3018 1052 3067 credimur
1061 3014 1193 3064 Suetonio.
1261 3004 1265 3013 ’

167 3109 223 3158 aiae.
257 3106 335 3170 Apud
346 3107 442 3155 multoe
459 3118 550 3153 nomen
569 3106 700 3170 antiquum
773 3099 832 3148 Nec
844 3095 906 3146 talia
917 3092 1052 3157 negligunt
1063 3090 1233 3149 dominanter,
1244 3092 1274 3136 nt

168 3185 249 3235 etiam
266 3178 371 3245 retinet,
388 3189 417 3231 ct
434 3181 663 3231 vocaturArmenie
674 3185 702 3230 ct
741 3180 818 3237 petet
833 3171 866 3219 da
884 3168 986 3228 annulo,
1005 3178 1079 3229 quem
1099 3178 1131 3213 ex
1152 3162 1275 3225 Bithynia

169 3256 300 3309 emere:
324 3272 357 3308 ex
377 3257 481 3307 Chartia
503 3256 631 3319 Samoou,
652 3259 702 3305 tte.
741 3247 775 3297 ad
802 3244 943 3313 Trajanurn
957 3240 1041 3288 ¹mitit
1069 3236 1180 3298 Pliniur,
1215 3234 1275 3301 quia

171 3336 306 3386 rtrum·
513 3326 518 3333 '
741 3334 836 3384 nempe
858 3318 941 3368 ferret
961 3314 1098 3378 imaginem
1121 3312 1189 3376 regio
1211 3310 1275 3383 Par-

201 3419 211 3444 ·
227 3412 299 3471 Rege
315 3406 432 3473 Artorio]
471 3408 523 3459 Qui
542 3413 628 3465 antea,
638 3400 703 3470 Zeno
744 3398 825 3460 thici3
842 3403 869 3447 et
883 3408 958 3461 qnam
976 3394 1033 3441 leve
1044 3390 1070 3440 id
1082 3404 1137 3455 prae
1150 3400 1213 3453 gaza
1223 3387 1276 3435 Vo-

169 3484 323 3547 vocebatur,
343 3484 410 3546 regia
431 3481 535 3532 Pontici
559 3468 704 3531 Polemonia
744 3475 831 3525 nouis!

169 3553 395 3624 filinaeanp.'i.'rr.
689 3549 693 3570 ³
777 3547 907 3610 ¹Ci1irin]
940 3542 1080 3594 Provincia
1091 3538 1160 3591 Aaiae
1172 3536 1277 3589 minoria

203 3640 212 3671 ⁸
226 3638 320 3688 Addita
337 3634 496 3698 manatio}
518 3630 627 3684 Suettio:
646 3633 704 3682 iil).
745 3625 887 3691 peninsulae
906 3623 932 3670 in
948 3614 1218 3669 laterehienidionali:
1235 3616 1279 3665 ho-

171 3719 213 3765 ou
245 3712 334 3765 ‘Quin
353 3717 381 3759 et
401 3709 527 3759 Artabani
541 3700 705 3770 Parthorum
745 3702 788 3751 die
810 3714 870 3763 para
894 3692 1214 3757 Conmmenlario),
1235 3690 1278 3739 vel

172 3786 390 3852 regirtacaramr'
401 3792 441 3835 eat
460 3784 555 3844 literia,
567 3782 707 3848 parricidia
745 3791 806 3842 para
818 3830 821 3835 ,
834 3768 1010 3838 praeiactnre‘
1027 3768 1104 3831 Cypri
1130 3766 1229 3827 insutu,
1252 3764 1280 3813 lta

172 3874 201 3916 et
221 3864 307 3915 cedes
329 3872 357 3912 et
379 3861 508 3923 ignaviam
529 3868 557 3909 et
578 3858 706 3907 luxuriam
749 3858 824 3917 porte
842 3845 1008 3899 Meridionali
1029 3844 1141 3893 Natolioe
1158 3840 1286 3911 regionis,

173 3934 708 4004 objicientit,monentiaquentnoluntaria
749 3928 795 3978 rob
816 3925 932 3975 Turcico
953 3921 1063 3985 imperio
1085 3916 1216 3966 Aaiatleo:
1245 3926 1290 3988 ex¹

173 4021 259 4066 morta
278 4013 391 4063 maximo
401 4012 599 4075 justissimoque
613 4008 708 4059 civium
749 4004 851 4054 Chartir
862 3998 994 4057 santonia,
1004 3997 1051 4044 dcc.
1070 3994 1191 4042 'litlanton
1276 4022 1279 4028 -

175 4092 234 4144 odio
245 4090 441 4156 quamprimum
452 4079 633 4137 anthiocam?
692 4082 697 4094 ’
780 4072 950 4137 anemos]
987 4068 1074 4121 Pereia
1095 4068 1178 4118 tribua
1194 4064 1282 4116 'modia

164 4185 170 4194 ’
207 4164 340 4234 Ρΰωι]
371 4164 479 4217 Sueton.
497 4162 558 4214 mo.
575 4164 618 4213 tt.
638 4158 709 4211 ‘Sed
749 4162 791 4209 ert
811 4146 1019 4205 consideranda:
1047 4144 1131 4211 primo
1153 4142 1282 4195 Peraean
