2975 4784
196 356 333 421 rcus]
550 352 773 403 :susinum
796 354 868 407 mn.
891 358 943 409 vr.
1232 346 1300 417 ees

194 498 349 563 extollas.
388 496 468 563 'libi
483 518 647 564 summum
661 520 772 565 rerum
780 503 952 586 judicium
966 504 1025 569 Dii
1038 504 1178 572 dedero:
1199 509 1295 575 uobis

196 600 348 683 obsequii
374 601 478 683 gloria
498 602 615 666 relicte
629 608 690 667 est.
736 602 934 687 Spectaurus
955 625 1065 687 porro,
1089 625 1167 689 qua:
1183 626 1297 675 coram

194 702 365 780 babenbn,
381 704 436 768 cui
451 723 496 767 ex
509 708 542 767 te
554 722 651 786 opes,
670 705 824 785 honores,
837 709 914 791 quis
932 708 1074 791 plurima
1082 708 1224 793 jurandi
1237 729 1297 776 no·

197 803 334 887 cendive
349 806 514 886 potentia:
538 825 615 890 quae
631 808 755 893 Sejano
768 809 885 889 inisse,
911 828 1009 873 nemo
1030 812 1215 891 negaverit:
1238 812 1298 877 ab·
1355 858 1362 869 »

196 904 284 971 ditos
296 906 465 990 Principis
479 918 619 988 sensus,r
628 916 660 975 et
673 911 702 973 si
717 913 799 994 quid
813 912 977 975 occultius
990 916 1097 995 purat,
1111 912 1298 993 exquirere,

195 1004 360 1085 illicitum,
375 1027 517 1093 anceps:
538 1028 600 1074 nec
616 1009 708 1075 ideo·
721 1030 915 1094 assequare.
961 1011 1028 1088 Ne,
1044 1012 1085 1077 P.
1096 1010 1136 1075 C.
1148 1012 1298 1079 ultimum

198 1106 311 1191 Sejani
323 1108 421 1188 diem,
431 1110 490 1173 sed
501 1111 645 1175 sedecim
659 1130 763 1176 annos
776 1114 1018 1195 cogitaveritis:
1039 1113 1139 1177 etiam
1151 1112 1299 1181 Satrium

197 1214 294 1293 etque
309 1208 542 1294 Pomponiumt
554 1214 809 1277 venerabamur:
831 1214 958 1279 libertis
974 1234 1109 1298 quoque
1123 1232 1164 1278 ac
1175 1214 1300 1296 janito-

196 1310 289 1375 ribus
318 1313 388 1395 ejus
416 1320 597 1391 notescere,
628 1332 691 1397 pro
717 1314 895 1395 magnifico
923 1316 1159 1398 accipiebatur.
1205 1314 1300 1396 Quid

197 1413 299 1493 ergo:
322 1414 526 1478 indistincta¹¹
540 1413 614 1479 brec
637 1415 786 1479 defensio
797 1422 832 1480 et
845 1417 1038 1499 promiscua
1059 1414 1215 1481 debituri
1237 1417 1299 1480 im·

197 1531 253 1576 mo
263 1512 365 1596 justis
380 1514 525 1579 terminis
539 1514 720 1581 dividatur:
742 1514 877 1581 insidiae
899 1518 934 1580 in
961 1516 1140 1601 Rempubl.
1156 1516 1301 1583 consilia

196 1612 302 1676 caedis
326 1614 501 1679 adversum
525 1614 774 1699 Imperatorem,
798 1617 995 1699 puniantur:
1026 1618 1067 1681 de
1093 1618 1241 1682 amicitia
1266 1622 1300 1682 et

196 1712 324 1791 officiis,
339 1714 427 1777 idem
442 1714 530 1779 linis·
544 1720 578 1779 et
592 1721 637 1794 te,
653 1716 781 1793 Caesar,
793 1723 828 1781 et
840 1737 901 1781 nos
915 1718 1117 1786 absolverit!

239 1816 271 1880 9.
295 1814 492 1881 Constantia
504 1818 676 1895 cretionis,
698 1823 743 1892 et,
763 1818 843 1900 quia
855 1823 1006 1901 repertus
1020 1825 1103 1897 erat,
1125 1820 1185 1901 qui
1207 1820 1299 1884 etiar-

195 1922 275 1994 ret'
289 1938 365 2002 qua:
380 1938 494 1983 omues
514 1920 625 1983 animo
640 1921 822 2003 agitabant,
844 1940 885 1983 eo
899 1938 1005 2002 usque
1018 1927 1164 2003 potuere,
1184 1928 1223 1986 ut
1245 1940 1301 1985 ac·

195 2063 1301 2205 :limiti'itti:liiiiiili'tfflgrlimtiisttti‘ir

196 2206 229 2241 ex
240 2198 267 2241 te
277 2192 386 2253 divitie,
396 2191 546 2255 dignitates,
558 2194 650 2256 quibus
662 2194 775 2243 maxims
786 2191 964 2243 benefaciendi
974 2200 1020 2242 not
1031 2193 1092 2241 mali
1109 2192 1239 2242 inferendi
1255 2208 1302 2257 po·

196 2261 292 2315 testas,
311 2270 368 2321 quar
381 2256 501 2319 Sejuuurn
511 2257 630 2308 babuisse
641 2258 725 2306 utilius
737 2256 837 2307 inficias
848 2258 918 2307 ierit.
944 2256 1048 2307 Arcana
1057 2258 1229 2321 imperitantis
1239 2272 1302 2307 cou-

195 2318 260 2381 silis,
272 2329 300 2369 et
313 2320 334 2367 si
347 2320 408 2383 quid
427 2320 553 2369 secretior
564 2320 669 2369 molitur
688 2321 782 2379 euiruo,
799 2321 911 2369 scrutari
929 2320 1012 2381 nefus,
1030 2322 1177 2381 ambiguum
1189 2336 1220 2370 ac
1232 2322 1301 2386 peri·
1386 2353 1393 2365 ·

195 2384 326 2444 culorum:
344 2400 391 2434 uec
402 2384 461 2434 ideo
473 2385 594 2446 attingus.
629 2385 671 2433 Ne
691 2384 819 2448 reputetis
842 2384 927 2432 animo
943 2384 974 2434 P.
987 2383 1018 2433 C.
1037 2392 1197 2447 postremum
1214 2384 1300 2449 Sejeni

196 2449 361 2511 tourprrs,red
372 2462 452 2497 runos
469 2449 611 2498 sexdecim.
644 2448 729 2497 Etiam
740 2446 887 2497 colebamus
896 2449 1009 2496 Sutrium
1027 2456 1106 2511 utque
1119 2450 1301 2511 Pomponium,

196 2518 224 2560 ei
235 2526 333 2563 suurmo
345 2514 434 2561 uoueri
450 2512 605 2571 habebatur,
617 2512 715 2565 libertis
727 2512 817 2570 etism,
832 2517 861 2560 et
872 2512 984 2560 ostiariis
1000 2511 1069 2559 iliius
1080 2511 1195 2573 sguorei.
1228 2510 1299 2565 Quid

194 2575 291 2637 igitur?
309 2578 365 2625 haee
374 2578 459 2625 scelus
471 2576 596 2639 purgandi
609 2576 677 2627 ratio
688 2575 843 2635 indiscreta,
853 2590 901 2638 par
913 2581 940 2623 ei
951 2576 1094 2624 communis
1105 2576 1223 2624 omnibus
1233 2576 1299 2624 criti

194 2638 277 2689 lmruo
290 2642 372 2704 mquis
391 2639 482 2689 tinibus
494 2639 666 2689 discernetur.
700 2640 866 2689 Damnentur
876 2640 978 2688 occulta
989 2639 1015 2687 in
1027 2652 1110 2701 remp.
1121 2640 1229 2700 seelera,
1239 2652 1300 2688 con·

194 2702 253 2752 silis
265 2704 336 2754 necis
357 2705 478 2752 eilversus
497 2704 656 2767 principem
673 2702 705 2751 de
718 2704 899 2754 benevolentis
911 2709 938 2752 et
946 2702 1084 2753 bonoribus
1095 2702 1217 2752 exhibitis
1229 2702 1300 2768 Seja-

195 2781 240 2829 no,
249 2767 319 2817 idern
332 2768 427 2829 exitus,
438 2773 465 2817 et
476 2775 514 2829 te,
526 2769 657 2831 princeps,
669 2775 696 2815 et
708 2781 755 2816 nos
767 2768 925 2831 purgaverit.

228 2830 748 2893 mmnmmrueuimmn,
763 2834 787 2881 st
802 2831 990 2893 priuatim,
1006 2830 1046 2894 ori
1059 2836 1177 2894 mmcd
1194 2844 1230 2893 eu,
1246 2844 1298 2893 qua

194 2896 736 2959 &nocturnumewqrmuere
754 2895 974 2959 amatarius,
990 2896 1144 2960 mulis,
1160 2895 1294 2959 propris:

698 3006 807 3062 NOTAE

197 3102 320 3165 Octauia,
325 3104 382 3168 jam
393 3110 421 3154 et
431 3102 617 3168 Antoninian
628 3104 728 3155 Drusus
801 3108 811 3139 ¹
828 3106 933 3155 &idua
942 3111 1014 3168 utque
1024 3104 1188 3167 Pomponium]
1204 3104 1302 3153 Satrius

197 3186 225 3229 et
236 3178 282 3229 ulii
293 3180 348 3245 ejus
363 3178 474 3230 immixti
485 3180 641 3229 ridebuntur
651 3180 740 3232 Juiiae'
770 3188 811 3231 est
821 3182 876 3245 ille,
886 3181 931 3245 qni
941 3180 1102 3229 Cremutium
1113 3180 1247 3228 accrrssvit
1258 3194 1300 3228 su-

197 3256 279 3319 genti.
770 3270 832 3321 pn:
850 3256 1005 3321 Pomponium
1015 3262 1089 3318 poto,
1105 3255 1222 3312 Quintum
1235 3268 1301 3317 pra·

228 3338 238 3365 ¹
254 3332 356 3383 Abditas
364 3332 482 3396 principis
491 3330 585 3395 mm]
603 3332 729 3383 Nuceriae
769 3332 882 3393 nomine,
905 3332 948 3396 qui
967 3330 1103 3381 ‘moribus
1124 3328 1243 3393 inquies,'
1263 3330 1302 3380 sit

196 3409 224 3459 in
236 3422 330 3472 paneg.
342 3408 374 3457 ud
387 3408 598 3458 Constmtiuum:
616 3410 624 3437 ‘
635 3408 729 3458 Existi·
769 3414 858 3457 uerter
867 3406 944 3469 infre,
954 3406 1010 3456 trac
1027 3411 1055 3456 et
1066 3404 1128 3455 talis
1139 3409 1146 3432 ‘
1157 3403 1273 3455 factitari
1285 3418 1301 3455 a

196 3497 268 3534 mure
281 3484 385 3549 quidem
404 3483 438 3532 de
458 3484 616 3547 principibus
636 3484 731 3533 nemini
770 3498 799 3531 se
811 3483 1002 3545 praetendebat,
1016 3488 1044 3529 ul
1056 3481 1176 3543 periculis
1187 3480 1300 3543 Pompo·

198 3558 237 3609 ius
249 3566 298 3609 est.
331 3560 399 3609 Nau:
411 3557 475 3609 etin
487 3559 614 3609 vestibulo
628 3572 674 3609 suo
692 3560 730 3609 iu·
769 3560 807 3608 nii
829 3558 942 3607 &cundi
962 3557 1051 3606 fratris
1073 3555 1242 3607 mederetur:'
1268 3554 1302 3607 do

197 3637 345 3701 quireutem
357 3635 461 3697 repellit
472 3634 578 3698 objectu
586 3636 730 3697 veneratio,
771 3648 823 3698 φιτ»
831 3634 858 3682 in
868 3640 985 3682 extremo
996 3633 1013 3681 1.
1023 3646 1051 3681 v.
1084 3632 1187 3695 Lipsius.

198 3719 227 3762 et
238 3712 314 3776 siqui
326 3713 435 3775 propius
447 3713 578 3775 adierunt,
589 3713 658 3777 quod
670 3727 730 3763 ocu·
804 3716 815 3741 ⁰
827 3707 982 3770 Indistincta]
997 3708 1193 3773 Distingueuda
1203 3712 1303 3773 tempo·

198 3790 230 3840 lis
239 3790 266 3839 iu
274 3790 356 3839 solem
365 3804 393 3837 so
403 3789 620 3839 contendentibus
629 3790 734 3849 evenit:
771 3798 810 3845 τε,
821 3797 948 3846 persone,
959 3783 1075 3833 crimine.

199 3866 348 3929 prestricra
360 3865 541 3925 acie,videndi
552 3864 679 3916 facultate
690 3880 731 3915 cu·
804 3867 815 3891 '
832 3859 978 3925 Ideuflsis]
994 3859 1067 3909 Idem
1084 3858 1150 3922 linis,
1168 3856 1235 3906 idem
1248 3854 1302 3905 exi·

199 3940 325 3990 ruerunt!
772 3944 814 3986 tus
826 3944 853 3986 et
870 3944 978 3986 eventus
998 3937 1032 3984 sit
1055 3936 1115 3985 tulis
1134 3930 1255 3983 amicitie
1275 3930 1301 3979 in

229 4022 239 4047 ⁸
255 4016 308 4065 Nec
318 4014 381 4077 ideo]
397 4013 502 4063 Arcana
515 4014 730 4078 prindpiusqui·
771 4013 890 4077 privetis,
905 4028 935 4060 ac
947 4012 974 4059 in
986 4010 1113 4072 principe,
1133 4008 1193 4071 quia
1209 4004 1302 4055 eudem

199 4104 250 4140 rer:
259 4090 372 4139 ἐϋὶιίιωη
383 4096 406 4139 et
416 4104 509 4154 «ιαμ,
518 4104 560 4141 sse
569 4092 621 4143 ideo
632 4104 660 4141 ss
669 4106 730 4141 ωι-
771 4089 856 4151 culpa,
867 4100 912 4135 seu
923 4086 992 4134 idem
1002 4098 1074 4134 error
1084 4089 1134 4133 est.

199 4167 284 4231 Μὴ,
294 4166 358 4217 licet
369 4166 500 4233 exquires.
804 4170 821 4195 '
839 4160 887 4220 Qui
896 4158 1004 4225 pseud]
1019 4159 1082 4209 suli.
1092 4156 1126 4208 ud
1138 4156 1206 4209 Caes.
1223 4156 1301 4208 ‘Ple
